4016 5054
690 411 734 466 De
751 408 1010 480 singularitate
1027 409 1233 465 elericorum
1257 426 1279 465 e.
1299 412 1409 468 1o-16.
1553 417 1610 482 191

480 569 605 626 reotue
626 573 713 627 sunt
733 567 890 630 semitae
921 585 1047 630 eorum
1069 568 1131 642 qui
1153 567 1190 627 iu
1211 550 1312 629 terro
1334 572 1436 643 sunt,
1459 574 1494 630 et
1523 587 1614 645 quus

479 667 552 729 tibi
584 669 734 746 plueent
766 669 977 732 didicerint
1008 671 1189 744 homines,
1223 673 1259 730 et
1289 688 1356 746 per
1385 672 1612 746 sapientiam

481 773 608 831 sensti
630 775 726 832 suut.
749 773 929 834 umbuluutee
955 774 985 832 in
1000 772 1126 833 tenebris
1141 772 1259 832 sibimet
1273 773 1346 846 ipsis
1360 774 1457 836 lumen
1469 791 1527 835 non
1542 791 1611 848 pos-

480 877 550 933 sunt
563 874 722 950 ostenders,
737 875 795 935 nisi
810 875 972 936 ultroneum
986 873 1124 948 seipsum
1138 891 1195 935 non
1210 874 1376 936 uidentibus
1391 877 1492 938 oiieret
1505 875 1612 938 lumen.

459 976 523 1038 situ
538 978 663 1038 humone
677 979 801 1039 obedies
816 981 854 1039 ed
867 980 959 1040 Deum
974 997 1032 1040 uon
1046 979 1148 1054 dirigit
1168 981 1246 1039 nium
1260 979 1319 1040 nisi
1333 981 1395 1054 ipse
1409 981 1555 1042 luoernsm
1570 981 1611 1040 le·

479 1079 526 1153 gis
540 1081 683 1140 ostendet.
706 1082 780 1141 unde
795 1081 889 1140 Dsnid
903 1080 946 1142 sio
960 1081 1089 1156 loquitur
1103 1080 1212 1142 nens.
1236 1082 1388 1141 luoerne
1409 1083 1483 1155 est,
1506 1081 1613 1156 inquit,

479 1181 635 1256 pedibus
657 1184 747 1244 meis
768 1183 918 1243 uerbum
939 1186 1040 1243 tuum
1060 1184 1097 1244 et
1117 1183 1180 1242 lux
1202 1182 1348 1242 semitis
1368 1183 1467 1243 meis.
1501 1187 1531 1243 et
1556 1183 1612 1243 ite·

480 1303 559 1344 rum:
581 1287 818 1359 prueoeotum
840 1284 986 1346 Domini
1017 1283 1181 1345 lueidum
1213 1282 1443 1343 inluminans
1476 1286 1613 1346 oeulos.

480 1387 534 1446 boe
548 1391 595 1447 est
609 1403 677 1462 ergo
691 1385 842 1448 lueiierum
856 1388 1052 1462 quodeunque
1077 1385 1169 1446 eDeo
1196 1385 1285 1445 fuerit
1305 1385 1482 1446 intimetum:
1506 1389 1537 1446 et
1560 1387 1615 1448 boo

447 1489 541 1549 soDeo
568 1489 687 1563 dignum
713 1488 789 1563 quod
814 1489 876 1563 ipse
891 1488 970 1549 Deus
995 1487 1140 1548 uoluntati
1166 1503 1235 1547 sese
1263 1487 1556 1563 sememonten,
1580 1493 1614 1550 ut

480 1595 579 1650 exeret
604 1607 656 1665 per
681 1589 776 1650 omnis
790 1589 975 1651 deminutum.
1006 1588 1134 1664 alioquin
1154 1604 1275 1649 neuneu
1296 1589 1374 1650 serui
1388 1589 1614 1651 udsoriberemur

480 1711 533 1754 nee
547 1694 610 1768 ipse
624 1695 763 1754 Dominus
778 1695 949 1765 haberetur,
976 1694 1003 1752 si
1028 1693 1185 1754 moundum
1211 1694 1390 1753 uoluntstem
1404 1696 1533 1754 nostrum
1548 1711 1614 1770 per-

481 1795 659 1855 mitteremur
669 1795 823 1870 inpendere
837 1795 1008 1855 seruitutem
1020 1793 1181 1854 eturbitrio
1196 1797 1294 1854 nostre
1309 1812 1368 1855 nou
1378 1794 1433 1853 Dei
1444 1794 1615 1868 eligeremus

481 1895 705 1956 exereitsmentn
719 1895 858 1957 iustitiae.
874 1896 949 1958 tulos
961 1895 1069 1956 Peulus
1080 1895 1229 1970 spostolus
1239 1896 1376 1956 nunidest
1391 1894 1498 1968 diosus,
1513 1896 1614 1970 igno·

448 1999 624 2070 retentes,
647 1996 755 2072 iuquit,
777 1996 842 2057 Dei
863 1997 1054 2057 iustitium
1076 1998 1111 2055 et
1132 2013 1233 2056 suum
1248 1997 1612 2071 uolentesststuere,

480 2099 657 2160 iustitise
682 2099 747 2160 Dei
776 2117 845 2161 non
865 2103 951 2160 sunt
972 2099 1144 2160 subieoti.
1167 2099 1308 2160 tolluntur
1322 2117 1398 2160 nuno
1412 2115 1428 2158 e
1443 2099 1536 2161 medie
1551 2117 1613 2160 um-

481 2203 569 2274 bsges
596 2201 670 2260 istae
684 2203 743 2260 tum
766 2217 858 2261 uuuue
873 2203 903 2260 et
918 2199 1112 2273 querimoniae
1126 2197 1256 2260 insuitur
1270 2201 1471 2260 mlumrdosse.
1502 2202 1539 2260 ed
1553 2201 1613 2274 spi·

482 2302 584 2363 ritules
600 2306 682 2363 uetus
698 2319 762 2362 eum
776 2303 893 2363 feminis
908 2303 969 2362 Deo
984 2303 1102 2362 iuuante
1117 2319 1173 2362 non
1188 2303 1342 2363 metuimus
1356 2302 1485 2375 oduinum,
1501 2303 1550 2376 qui
1566 2319 1618 2376 per

483 2404 535 2463 Dei
560 2403 716 2466 iussionem
732 2404 873 2464 iustitium
899 2421 952 2464 nos
978 2403 1120 2465 eredimus
1136 2404 1264 2478 operari,
1291 2421 1326 2464 ex
1340 2422 1396 2478 qus
1411 2404 1493 2464 uobis
1507 2404 1614 2465 seimus

447 2529 473 2569 no
482 2505 658 2567 munimento
673 2507 803 2582 supponi.
825 2505 961 2582 priuatim
976 2523 1044 2566 uere
1059 2507 1273 2568 continentibus
1288 2523 1374 2580 quum
1388 2506 1542 2580 plurimum
1556 2505 1615 2566 ele·

481 2607 549 2668 risis
564 2610 594 2667 et
614 2608 776 2683 uirginibus
790 2607 917 2683 hospitis
931 2610 1091 2684 seponenda
1105 2611 1183 2682 sunt,
1200 2609 1269 2684 quin
1294 2609 1370 2684 quod
1384 2609 1460 2669 Deus
1486 2609 1615 2682 iniquum

482 2710 591 2769 iudioet
605 2710 712 2769 iustum
728 2727 790 2770 esse
805 2727 862 2769 non
875 2713 981 2785 potest.
997 2710 1216 2770 contubernium
1231 2713 1327 2770 tumen
1343 2710 1399 2769 etsi
1414 2709 1494 2769 nulle
1509 2711 1614 2783 inipso

485 2812 672 2871 coutubernio
686 2812 781 2886 turpis
795 2812 969 2872 consuetudo
985 2813 1136 2885 noscetur,
1148 2811 1290 2884 aseendit,
1305 2810 1373 2885 quis
1388 2810 1556 2884 inpossibile
1572 2813 1616 2871 eet

483 2913 678 2986 integritatem
692 2912 730 2972 ud
743 2913 880 2972 uiotories
904 2913 1055 2985 peruenire
1076 2930 1149 2988 quae
1175 2913 1323 2974 contendit
1344 2915 1444 2974 eentrs
1466 2912 1519 2974 Dei
1534 2914 1614 2973 iussu

447 3035 473 3075 es
483 3030 621 3088 pugnare.
648 3015 786 3087 quantum
807 3013 883 3072 euim
898 3013 945 3072 lex
961 3013 1178 3074 oboedientibus
1192 3013 1323 3089 suggerit
1337 3013 1524 3088 sdiutorium,
1551 3017 1616 3075 tuu-

483 3119 543 3173 tnm
569 3115 818 3174 inoboedientibus
844 3113 948 3174 iueitut
962 3115 1033 3188 quin
1048 3113 1134 3174 immo
1161 3117 1309 3190 peeoutum
1336 3115 1447 3176 dieente
1470 3115 1614 3190 apostolo:

484 3217 623 3290 uirtus,
646 3217 748 3292 inquit,
772 3218 831 3276 lex
852 3217 1011 3293 peeouti.
1034 3218 1084 3292 qui
1098 3235 1150 3278 nos
1166 3233 1234 3292 erge
1257 3217 1343 3276 iussit
1356 3219 1389 3277 ut
1404 3219 1435 3276 in
1450 3217 1540 3277 moris
1555 3219 1616 3278 suis

483 3337 547 3377 eum
562 3319 677 3380 feminis
692 3319 908 3394 triumphemus,
925 3321 987 3395 ipse
1002 3337 1054 3380 nes
1069 3320 1149 3380 iubet
1162 3322 1197 3379 ut
1207 3319 1344 3394 priuatim
1354 3337 1465 3394 pugnus
1477 3320 1616 3380 ieminoee

482 3436 643 3481 euueemus.

551 3651 630 3708 61²⁸.
650 3652 708 3720 118,
728 3654 786 3708 105.
993 3655 1011 3708 8
1029 3653 1071 3706 Pe.
1092 3653 1133 3717 18,
1151 3653 1176 3707 9.
1382 3653 1415 3708 14
1433 3655 1509 3709 Rem.
1529 3655 1570 3718 10,
1588 3655 1613 3708 3.

482 3737 516 3790 27
534 3736 549 3791 1
567 3738 626 3794 cor.
646 3739 688 3801 15,
705 3739 748 3794 ⁵6.

552 3951 570 4005 2
590 3949 742 4005 didioorunt
763 3950 796 4006 0·
965 3950 981 4004 i
1001 3951 1120 4005 semittis
1141 3954 1164 4006 0
1327 3951 1479 4006 eruerint
1497 3952 1546 4007 deo
1564 3967 1581 4005 o

487 4039 520 4092 11
538 4038 630 4092 exeret
651 4036 681 4103 O,
700 4038 820 4091 erereeet
836 4054 853 4093 o
925 4037 957 4091 12
975 4037 1158 4106 uoluntatem]
1176 4037 1411 4107 sequulitetemc
1477 4037 1512 4092 20
1529 4035 1616 4092 meni·

486 4124 577 4176 mente
598 4121 633 4178 0¹
746 4122 782 4175 22
799 4121 863 4192 etsi]
881 4123 906 4176 si
926 4122 948 4176 0
1061 4123 1096 4176 23
1112 4127 1240 4178 nusestur
1257 4125 1395 4178 Εταεωκε
1509 4120 1618 4177 meones

486 4224 522 4262 ex
539 4207 638 4262 seoidit
659 4207 732 4263 One
750 4209 771 4260 2
902 4207 938 4260 24
955 4207 1098 4262 uictoriam
1115 4223 1132 4262 o
1259 4209 1294 4263 26
1312 4207 1378 4278 quin
1395 4208 1478 4263 immo
1497 4224 1549 4263 om.
1567 4224 1585 4262 o

485 4293 733 4362 tipeoestilexo
838 4293 1042 4348 28nesom.e
