4016 5054
637 405 683 459 De
699 403 877 460 duodecim
894 405 1055 460 abusiuis
1073 404 1202 460 saeculi
1222 419 1246 459 o.
1263 404 1341 460 6-7.
1454 482 1458 490 1
1493 407 1557 475 163

418 579 565 624 aermouoe
588 563 777 638 interdicunt,
807 564 912 641 quibus
938 565 996 626 ait:
1033 565 1153 627 nolite
1174 564 1335 640 diligero
1370 564 1555 637 mundum,

419 682 535 742 nequo
556 682 596 726 ea
617 669 766 742 quaein
789 669 918 728 mundo
941 671 1053 728 sonti
1075 669 1174 728 mundi
1197 668 1272 728 enirn
1293 684 1372 728 amor
1386 669 1418 727 et
1431 667 1485 726 Dei
1500 683 1554 740 pa·

419 765 492 828 riter
505 767 537 828 in
551 785 607 830 uno
621 769 706 830 cordo
721 770 889 833 cohabitare
903 788 961 832 non
975 773 1116 846 possunt,
1146 770 1383 847 quemadmodum
1397 769 1474 832 conii
1488 784 1556 830 cao-

419 869 480 928 lnm
494 871 603 944 pariter
617 873 647 931 et
668 874 774 932 terram
788 890 970 948 nequaqnam
984 873 1175 949 conspiciunt.
1207 874 1257 933 aed
1278 873 1480 947 requirendum
1499 874 1556 944 ost,

397 971 446 1031 osi
460 987 529 1032 nere
542 973 573 1032 in
587 975 691 1034 mundo
706 973 816 1050 aliquid
830 974 871 1036 sit
886 976 961 1050 quod
977 975 1067 1036 amari
1082 972 1190 1037 debeat
1214 979 1243 1036 et
1258 975 1323 1050 quis
1350 975 1390 1036 eit
1404 973 1455 1035 ille
1470 991 1554 1034 mun·

419 1073 474 1132 dun
487 1091 572 1149 quem
588 1075 671 1151 diligi
686 1076 786 1136 diuina
798 1075 915 1151 eloquia
930 1079 1040 1138 uetant.
1064 1080 1144 1137 terra
1158 1093 1227 1151 ergo
1242 1093 1307 1138 oum
1320 1077 1505 1146 nascentibus
1521 1093 1557 1137 ex

419 1189 455 1235 oa
468 1178 498 1237 et
512 1177 638 1237 metallis
653 1180 683 1238 et
697 1179 892 1239 animantibus
908 1181 938 1239 et
952 1179 1146 1254 pulcritudine
1160 1179 1284 1240 ueahorn
1304 1182 1335 1240 et
1354 1177 1555 1239 oblectationi·

419 1277 473 1336 bns
487 1277 615 1339 ciborum
628 1281 660 1339 ot
673 1279 721 1340 his
735 1297 808 1354 quaa
824 1281 862 1340 ad
876 1280 948 1340 haec
962 1281 1111 1355 pertinent
1125 1297 1181 1342 non
1196 1279 1280 1355 diligi
1294 1279 1481 1356 praecipitur,
1504 1280 1556 1342 sod

417 1379 564 1452 proximus
579 1385 696 1457 proptor
721 1399 806 1457 quarn
831 1383 904 1444 haec
930 1384 1027 1444 omnia
1051 1383 1130 1443 iacta
1144 1384 1213 1442 sunt
1232 1383 1322 1444 amari
1337 1383 1461 1445 iubetur.
1481 1383 1556 1444 haee

383 1481 495 1541 noenim
509 1483 604 1542 omnia
616 1485 764 1557 praedicta
778 1484 861 1546 nelnt
884 1503 940 1545 non
961 1502 1096 1546 mansura
1118 1487 1155 1545 ad
1176 1485 1329 1546 caelestem
1350 1486 1474 1560 patriam
1487 1501 1555 1559 per·

418 1588 521 1657 genus
532 1585 663 1644 continui
677 1590 833 1660 nequeunt.
848 1587 973 1662 proximi
987 1605 1055 1648 uero
1070 1587 1153 1648 uolut
1166 1586 1293 1647 mansuri
1307 1586 1386 1661 regis
1400 1587 1555 1646 coheredes

420 1688 512 1745 munet
525 1686 604 1761 ipsos
614 1687 735 1747 licenter
750 1688 873 1750 nucem
885 1689 1022 1762 diligunt.
1038 1689 1114 1764 quod
1128 1704 1197 1764 orgo
1211 1704 1321 1761 semper
1335 1687 1366 1748 in
1380 1688 1484 1748 mundo
1499 1705 1556 1747 non
1630 1675 1632 1678 ’

419 1791 517 1848 manat
531 1792 561 1848 ot
575 1807 640 1850 curn
659 1791 764 1851 mundo
786 1791 897 1866 pariter
921 1791 1033 1850 deficiet
1060 1792 1166 1864 etipse
1186 1791 1309 1850 mundus
1323 1807 1379 1850 non
1394 1791 1485 1849 amari
1500 1791 1555 1849 irn-

419 1893 553 1962 peratnr:
569 1892 713 1964 proximus
729 1895 825 1952 autern
840 1885 891 1966 qni
905 1897 951 1951 est
965 1909 1033 1965 pars
1048 1892 1132 1965 regni
1147 1890 1279 1950 caelestia
1301 1890 1333 1948 in
1348 1894 1425 1950 terra
1439 1890 1555 1950 interim

385 2005 439 2048 rea
452 1992 534 2064 regni
546 1993 689 2053 caelorum
712 1993 922 2068 appetitoribus
937 2011 995 2054 nou
1005 1993 1160 2068 incongrue
1176 1995 1297 2064 amatur,
1312 1994 1379 2052 dum
1398 1992 1430 2051 in
1444 2009 1556 2052 summa

418 2092 470 2152 illa
492 2094 588 2167 patria
612 2093 643 2152 in
663 2097 812 2155 aeternnm
838 2097 954 2156 coheres
982 2094 1147 2155 habebitur.
1170 2096 1323 2167 propterea
1343 2110 1411 2152 uero
1431 2094 1556 2152 mundus

418 2210 556 2269 praesens
570 2213 628 2256 non
643 2195 726 2272 diligi
741 2197 918 2270 imperatur,
942 2211 978 2256 ne
993 2213 1011 2255 a
1025 2195 1079 2254 Dei
1094 2193 1245 2255 dilectione
1260 2194 1371 2254 alienus
1386 2193 1494 2254 saoouh
1509 2194 1555 2254 di·

417 2295 509 2355 lector
524 2296 644 2370 quisque
659 2297 810 2364 efficiatur.
826 2315 884 2357 non
899 2313 968 2371 ergo
979 2297 1066 2356 debet
1076 2296 1209 2356 contendi
1219 2297 1295 2370 qnod
1309 2313 1365 2354 non
1376 2295 1445 2354 lieet
1455 2296 1556 2354 amari.

418 2395 511 2471 igitur
537 2397 718 2458 Christianus
744 2399 794 2471 qui
819 2399 944 2459 nominis
965 2398 1075 2456 Christi
1100 2397 1319 2456 similitudinem
1345 2399 1425 2454 wnet
1445 2413 1557 2456 morum

382 2513 531 2572 aequoque
546 2499 762 2560 similitudinem
785 2500 892 2560 habere
918 2500 1012 2560 debet,
1036 2497 1218 2559 Christianus
1232 2497 1308 2558 eninr
1319 2499 1397 2558 recte
1412 2515 1495 2558 nomo
1511 2498 1557 2557 di·

417 2599 510 2673 citur,
533 2601 589 2660 nisi
604 2601 653 2676 qui
668 2601 781 2664 Christo
797 2604 925 2663 moribus
947 2604 1129 2676 coaequetur.
1152 2601 1188 2661 do
1209 2600 1321 2660 christo
1337 2615 1405 2660 uero
1422 2617 1474 2673 par
1488 2617 1556 2675 pro·

417 2703 535 2776 phetam
556 2703 599 2762 ito
623 2704 812 2764 describitur:
837 2721 1022 2778 eccepuer
1044 2719 1140 2763 meus
1163 2721 1265 2776 quom
1282 2701 1393 2778 elegi,
1409 2700 1555 2762 electus

416 2819 530 2878 meus,
553 2805 777 2880 conplacuit
803 2805 881 2864 sibi
910 2806 1036 2865 inille
1059 2806 1185 2864 anima
1205 2821 1294 2865 mea:
1326 2820 1459 2879 ponam
1481 2803 1554 2877 spi·

415 2905 528 2966 ritum
550 2923 661 2968 mourn
682 2923 793 2983 super
814 2923 900 2968 eum.
923 2925 992 2969 non
1017 2906 1215 2968 contundet
1238 2923 1353 2982 nequo
1376 2906 1555 2967 clamabit

485 3172 501 3225 1
519 3173 533 3226 1
551 3173 590 3227 Io.
607 3172 633 3236 2,
653 3173 694 3226 15.
798 3171 833 3226 22
850 3171 895 3226 Es.
914 3171 957 3236 42,
977 3173 1002 3226 1.
1020 3172 1046 3227 2.

485 3434 598 3489 leerrno
611 3434 797 3490 interdicitX
860 3433 972 3504 quibus]
984 3449 1038 3504 qno
1051 3435 1090 3499 X,
1102 3433 1178 3502 quio
1240 3433 1478 3505 dmrdolcorpore
1495 3434 1523 3488 V

415 3516 541 3572 habitare
560 3519 622 3573 XV
745 3520 817 3574 idem
834 3519 908 3573 oculi
926 3519 973 3574 Xo
1099 3519 1272 3588 4aspioiunt
1289 3519 1320 3573 X
1445 3519 1553 3588 bquis]

415 3602 487 3669 qnod
508 3603 535 3657 V
617 3603 683 3657 'tea
700 3605 738 3672 ot]
758 3619 790 3658 ea
811 3605 838 3657 V
916 3605 1024 3658 8iisn
1103 3603 1304 3672 praecipiuntur
1321 3605 1352 3658 X
1434 3605 1469 3658 10
1481 3605 1554 3658 enim

415 3701 466 3742 om.
483 3687 516 3742 X
616 3690 650 3743 11
669 3689 843 3744 concomitari
860 3708 878 3745 c
1006 3689 1041 3744 13
1057 3692 1149 3744 manet
1165 3689 1203 3760 ot]
1222 3691 1314 3744 manet
1330 3689 1363 3744 X
1379 3705 1396 3743 a
1412 3691 1445 3744 in
1461 3706 1518 3744 roa.

415 3773 465 3828 au.
479 3776 512 3826 'et
528 3778 625 3829 oneG
694 3775 854 3846 imperatur]
872 3775 1041 3846 praecipitur
1063 3776 1104 3832 Vo
1173 3775 1554 3846 lenesmontem

414 3857 582 3940 clementes
697 3862 731 3916 15
751 3877 835 3917 acra
854 3862 885 3916 X
1000 3860 1191 3932 appetentibus
1210 3861 1242 3916 X
1359 3877 1519 3932 supremae

416 3943 449 3998 17
467 3960 575 4013 presens
593 3945 690 4002 ideirco
706 3948 757 4002 X.
815 3945 897 4017 adai]
916 3947 951 4001 ad
969 3947 1075 4003 oiusV
1152 3947 1320 4002 ludibriter
1340 3947 1368 4002 V
1442 3946 1476 4000 19
1494 3947 1552 4016 quil

416 4031 504 4084 omnis
527 4031 553 4085 V
651 4032 686 4086 20
703 4048 808 4101 quoque
825 4049 874 4087 orne.
899 4031 931 4096 V,
950 4047 1056 4101 quoque
1073 4033 1166 4088 einen
1271 4031 1352 4087 debet
1368 4031 1470 4086 habere
1487 4032 1519 4086 X

415 4131 494 4172 nomo
510 4118 617 4174 reotoo
719 4117 754 4173 21
772 4117 887 4187 christo]
905 4117 931 4172 ei
948 4118 980 4172 X
1087 4119 1160 4188 uero]
1179 4117 1251 4174 enim
1269 4117 1302 4174 X
1395 4117 1555 4172 221111111-

416 4207 497 4259 turo
598 4203 804 4274 pnerlflliuso
907 4204 989 4258 nain
1007 4204 1058 4258 illo
1076 4203 1164 4260 sibio
1273 4205 1380 4259 animae
1397 4219 1472 4258 meae
1494 4202 1521 4258 V

415 4287 452 4342 24
467 4287 605 4342 contendit
626 4287 696 4343 (ΡΧ
797 4288 928 4344 clamauit
949 4291 986 4344 (ι’Ι

1272 4377 1346 4440 11*
