<?xml version="1.0" encoding="UTF-8"?>
<!DOCTYPE html PUBLIC "-//W3C//DTD XHTML 1.0 Transitional//EN"
    "http://www.w3.org/TR/xhtml1/DTD/xhtml1-transitional.dtd">
<html xmlns="http://www.w3.org/1999/xhtml" xml:lang="en" lang="en">
 <head>
  <title>
</title>
<meta http-equiv="Content-Type" content="text/html;charset=utf-8" />
  <meta name='ocr-system' content='tesseract 3.04.00' />
  <meta name='ocr-capabilities' content='ocr_page ocr_carea ocr_par ocr_line ocrx_word'/>
</head>
<body>
  <div class='ocr_page' id='page_1' title='image "./sthascicaecilic02cyprgoog_0303.png"; bbox 0 0 4016 5054; ppageno 0'>
   <div class='ocr_carea' id='block_1_1' title="bbox 376 405 1031 478">
    <p class='ocr_par' dir='ltr' id='par_1_1' title="bbox 376 405 1031 478">
     <span class='ocr_line' id='line_1_1' title="bbox 376 405 1031 478; baseline 0 -18"><span class='ocrx_word' id='word_1_1' title='bbox 376 409 438 478; x_wconf 77' lang='lat'><strong>172</strong></span> <span class='ocrx_word' id='word_1_2' title='bbox 845 405 1031 477; x_wconf 74' lang='lat' dir='ltr'><strong>Appendix.</strong></span> 
     </span>
    </p>
   </div>
   <div class='ocr_carea' id='block_1_2' title="bbox 299 564 1541 2680">
    <p class='ocr_par' dir='ltr' id='par_1_2' title="bbox 299 564 1541 2680">
     <span class='ocr_line' id='line_1_2' title="bbox 374 564 1500 639; baseline -0.002 -14"><span class='ocrx_word' id='word_1_3' title='bbox 374 565 474 626; x_wconf 82' lang='lat' dir='ltr'><strong>siout</strong></span> <span class='ocrx_word' id='word_1_4' title='bbox 499 581 585 626; x_wconf 89' lang='lat' dir='ltr'><strong>ouee</strong></span> <span class='ocrx_word' id='word_1_5' title='bbox 613 564 836 637; x_wconf 73' lang='lat' dir='ltr'><strong>enauimus,</strong></span> <span class='ocrx_word' id='word_1_6' title='bbox 868 565 1121 639; x_wconf 76' lang='lat' dir='ltr'><strong>ununquieqoe</strong></span> <span class='ocrx_word' id='word_1_7' title='bbox 1143 564 1182 624; x_wconf 92' lang='lat' dir='ltr'><strong>in</strong></span> <span class='ocrx_word' id='word_1_8' title='bbox 1202 566 1300 625; x_wconf 76' lang='lat' dir='ltr'><strong>uiam</strong></span> <span class='ocrx_word' id='word_1_9' title='bbox 1322 581 1420 624; x_wconf 79' lang='lat' dir='ltr'><strong>enum</strong></span> <span class='ocrx_word' id='word_1_10' title='bbox 1442 565 1500 623; x_wconf 87' lang='lat' dir='ltr'><strong>de·</strong></span> 
     </span>
     <span class='ocr_line' id='line_1_3' title="bbox 299 653 1503 743; baseline 0.002 -16"><span class='ocrx_word' id='word_1_11' title='bbox 299 653 302 661; x_wconf 67' lang='grc'>’</span> <span class='ocrx_word' id='word_1_12' title='bbox 375 667 544 728; x_wconf 82' lang='lat' dir='ltr'><strong>elinuuit.</strong></span> <span class='ocrx_word' id='word_1_13' title='bbox 582 668 616 728; x_wconf 87' lang='lat' dir='ltr'><strong>de</strong></span> <span class='ocrx_word' id='word_1_14' title='bbox 645 667 748 743; x_wconf 78' lang='lat' dir='ltr'><strong>quibus</strong></span> <span class='ocrx_word' id='word_1_15' title='bbox 782 667 869 728; x_wconf 81' lang='lat' dir='ltr'><strong>etium</strong></span> <span class='ocrx_word' id='word_1_16' title='bbox 909 667 1007 729; x_wconf 87' lang='lat' dir='ltr'><strong>eedem</strong></span> <span class='ocrx_word' id='word_1_17' title='bbox 1041 667 1182 743; x_wconf 77' lang='lat' dir='ltr'><strong>sapientie</strong></span> <span class='ocrx_word' id='word_1_18' title='bbox 1201 668 1328 742; x_wconf 89' lang='lat' dir='ltr'><strong>loquitur</strong></span> <span class='ocrx_word' id='word_1_19' title='bbox 1349 684 1401 742; x_wconf 89' lang='lat' dir='ltr'><strong>per</strong></span> <span class='ocrx_word' id='word_1_20' title='bbox 1421 667 1503 729; x_wconf 78' lang='lat' dir='ltr'><strong>Salo·</strong></span> 
     </span>
     <span class='ocr_line' id='line_1_4' title="bbox 374 769 1504 842; baseline 0.001 -14"><span class='ocrx_word' id='word_1_21' title='bbox 374 785 501 830; x_wconf 89' lang='lat' dir='ltr'><strong>monem:</strong></span> <span class='ocrx_word' id='word_1_22' title='bbox 538 769 674 829; x_wconf 79' lang='lat' dir='ltr'><strong>multoe</strong></span> <span class='ocrx_word' id='word_1_23' title='bbox 710 770 792 830; x_wconf 86' lang='lat' dir='ltr'><strong>uiue</strong></span> <span class='ocrx_word' id='word_1_24' title='bbox 826 770 1008 830; x_wconf 90' lang='lat' dir='ltr'><strong>uidentur</strong></span> <span class='ocrx_word' id='word_1_25' title='bbox 1043 771 1254 831; x_wconf 75' lang='lat' dir='ltr'><strong>hominibus</strong></span> <span class='ocrx_word' id='word_1_26' title='bbox 1289 773 1430 842; x_wconf 76' lang='lat' dir='ltr'><strong>rectae,</strong></span> <span class='ocrx_word' id='word_1_27' title='bbox 1467 771 1504 829; x_wconf 85' lang='lat' dir='ltr'><strong>et</strong></span> 
     </span>
     <span class='ocr_line' id='line_1_5' title="bbox 375 872 1503 948; baseline 0.001 -17"><span class='ocrx_word' id='word_1_28' title='bbox 375 872 606 932; x_wconf 84' lang='lat' dir='ltr'><strong>uouieeimee</strong></span> <span class='ocrx_word' id='word_1_29' title='bbox 628 888 747 932; x_wconf 83' lang='lat' dir='ltr'><strong>eurum</strong></span> <span class='ocrx_word' id='word_1_30' title='bbox 769 874 909 933; x_wconf 89' lang='lat' dir='ltr'><strong>dueunt</strong></span> <span class='ocrx_word' id='word_1_31' title='bbox 929 873 972 932; x_wconf 82' lang='lat' dir='ltr'><strong>ed</strong></span> <span class='ocrx_word' id='word_1_32' title='bbox 992 876 1151 932; x_wconf 86' lang='lat' dir='ltr'><strong>mortem.</strong></span> <span class='ocrx_word' id='word_1_33' title='bbox 1175 889 1247 948; x_wconf 78' lang='lat' dir='ltr'><strong>quoe</strong></span> <span class='ocrx_word' id='word_1_34' title='bbox 1273 873 1372 948; x_wconf 85' lang='lat' dir='ltr'><strong>utique</strong></span> <span class='ocrx_word' id='word_1_35' title='bbox 1396 872 1503 932; x_wconf 83' lang='lat' dir='ltr'><strong>multue</strong></span> 
     </span>
     <span class='ocr_line' id='line_1_6' title="bbox 373 973 1525 1049; baseline 0 -18"><span class='ocrx_word' id='word_1_36' title='bbox 373 973 544 1047; x_wconf 77' lang='lat' dir='ltr'><strong>perditionis</strong></span> <span class='ocrx_word' id='word_1_37' title='bbox 558 975 623 1034; x_wconf 80' lang='lat' dir='ltr'><strong>uiue</strong></span> <span class='ocrx_word' id='word_1_38' title='bbox 637 976 706 1035; x_wconf 88' lang='lat' dir='ltr'><strong>tuno</strong></span> <span class='ocrx_word' id='word_1_39' title='bbox 720 974 900 1046; x_wconf 73' lang='lat' dir='ltr'><strong>inponuntur,</strong></span> <span class='ocrx_word' id='word_1_40' title='bbox 924 992 988 1036; x_wconf 87' lang='lat' dir='ltr'><strong>eom</strong></span> <span class='ocrx_word' id='word_1_41' title='bbox 1010 991 1069 1034; x_wconf 84' lang='lat' dir='ltr'><strong>unu</strong></span> <span class='ocrx_word' id='word_1_42' title='bbox 1083 975 1189 1049; x_wconf 78' lang='lat' dir='ltr'><strong>regulis</strong></span> <span class='ocrx_word' id='word_1_43' title='bbox 1203 976 1252 1035; x_wconf 87' lang='lat' dir='ltr'><strong>uie</strong></span> <span class='ocrx_word' id='word_1_44' title='bbox 1266 973 1313 1034; x_wconf 84' lang='lat' dir='ltr'><strong>lex</strong></span> <span class='ocrx_word' id='word_1_45' title='bbox 1328 975 1382 1035; x_wconf 83' lang='lat' dir='ltr'><strong>Dei</strong></span> <span class='ocrx_word' id='word_1_46' title='bbox 1395 973 1525 1035; x_wconf 75' lang='lat' dir='ltr'><strong>uidet-e</strong></span> 
     </span>
     <span class='ocr_line' id='line_1_7' title="bbox 374 1077 1503 1151; baseline 0.001 -16"><span class='ocrx_word' id='word_1_47' title='bbox 374 1079 429 1147; x_wconf 81' lang='lat' dir='ltr'><strong>not,</strong></span> <span class='ocrx_word' id='word_1_48' title='bbox 452 1092 524 1149; x_wconf 79' lang='lat' dir='ltr'><strong>quoe</strong></span> <span class='ocrx_word' id='word_1_49' title='bbox 539 1093 630 1150; x_wconf 86' lang='lat' dir='ltr'><strong>neque</strong></span> <span class='ocrx_word' id='word_1_50' title='bbox 647 1078 683 1135; x_wconf 85' lang='lat' dir='ltr'><strong>ed</strong></span> <span class='ocrx_word' id='word_1_51' title='bbox 698 1078 844 1136; x_wconf 84' lang='lat' dir='ltr'><strong>dexterum</strong></span> <span class='ocrx_word' id='word_1_52' title='bbox 858 1093 951 1151; x_wconf 88' lang='lat' dir='ltr'><strong>neque</strong></span> <span class='ocrx_word' id='word_1_53' title='bbox 965 1077 1002 1136; x_wconf 84' lang='lat' dir='ltr'><strong>ud</strong></span> <span class='ocrx_word' id='word_1_54' title='bbox 1016 1077 1164 1136; x_wconf 84' lang='lat' dir='ltr'><strong>eiuistrum</strong></span> <span class='ocrx_word' id='word_1_55' title='bbox 1178 1077 1314 1148; x_wconf 78' lang='lat' dir='ltr'><strong>declinet,</strong></span> <span class='ocrx_word' id='word_1_56' title='bbox 1335 1093 1387 1150; x_wconf 91' lang='lat' dir='ltr'><strong>per</strong></span> <span class='ocrx_word' id='word_1_57' title='bbox 1401 1078 1503 1150; x_wconf 80' lang='lat' dir='ltr'><strong>negle-</strong></span> 
     </span>
     <span class='ocr_line' id='line_1_8' title="bbox 373 1178 1505 1254; baseline 0.003 -18"><span class='ocrx_word' id='word_1_58' title='bbox 373 1178 502 1252; x_wconf 81' lang='lat' dir='ltr'><strong>gentium</strong></span> <span class='ocrx_word' id='word_1_59' title='bbox 526 1178 675 1238; x_wconf 81' lang='lat' dir='ltr'><strong>deseritur.</strong></span> <span class='ocrx_word' id='word_1_60' title='bbox 705 1179 740 1237; x_wconf 89' lang='lat' dir='ltr'><strong>de</strong></span> <span class='ocrx_word' id='word_1_61' title='bbox 765 1196 822 1253; x_wconf 82' lang='lat' dir='ltr'><strong>quo</strong></span> <span class='ocrx_word' id='word_1_62' title='bbox 848 1179 960 1240; x_wconf 85' lang='lat' dir='ltr'><strong>eoilioet</strong></span> <span class='ocrx_word' id='word_1_63' title='bbox 985 1181 1035 1239; x_wconf 86' lang='lat' dir='ltr'><strong>uie</strong></span> <span class='ocrx_word' id='word_1_64' title='bbox 1059 1178 1197 1240; x_wconf 78' lang='lat' dir='ltr'><strong>Dominus</strong></span> <span class='ocrx_word' id='word_1_65' title='bbox 1222 1179 1355 1238; x_wconf 80' lang='lat' dir='ltr'><strong>(thrietue</strong></span> <span class='ocrx_word' id='word_1_66' title='bbox 1381 1179 1431 1254; x_wconf 85' lang='lat' dir='ltr'><strong>qui</strong></span> <span class='ocrx_word' id='word_1_67' title='bbox 1457 1183 1505 1240; x_wconf 81' lang='lat' dir='ltr'><strong>eut</strong></span> 
     </span>
     <span class='ocr_line' id='line_1_9' title="bbox 374 1281 1505 1356; baseline 0.001 -16"><span class='ocrx_word' id='word_1_68' title='bbox 374 1281 440 1340; x_wconf 81' lang='lat' dir='ltr'><strong>finis</strong></span> <span class='ocrx_word' id='word_1_69' title='bbox 466 1281 541 1355; x_wconf 80' lang='lat' dir='ltr'><strong>logie</strong></span> <span class='ocrx_word' id='word_1_70' title='bbox 560 1281 597 1340; x_wconf 84' lang='lat' dir='ltr'><strong>nd</strong></span> <span class='ocrx_word' id='word_1_71' title='bbox 616 1281 758 1341; x_wconf 76' lang='lat' dir='ltr'><strong>iustitium</strong></span> <span class='ocrx_word' id='word_1_72' title='bbox 777 1282 855 1342; x_wconf 90' lang='lat' dir='ltr'><strong>omui</strong></span> <span class='ocrx_word' id='word_1_73' title='bbox 871 1285 999 1344; x_wconf 86' lang='lat' dir='ltr'><strong>eredenti</strong></span> <span class='ocrx_word' id='word_1_74' title='bbox 1014 1283 1180 1342; x_wconf 81' lang='lat' dir='ltr'><strong>denuntiet:</strong></span> <span class='ocrx_word' id='word_1_75' title='bbox 1203 1299 1268 1356; x_wconf 75' lang='lat' dir='ltr'><strong>ego</strong></span> <span class='ocrx_word' id='word_1_76' title='bbox 1290 1300 1365 1342; x_wconf 90' lang='lat' dir='ltr'><strong>eum</strong></span> <span class='ocrx_word' id='word_1_77' title='bbox 1386 1283 1446 1342; x_wconf 84' lang='lat' dir='ltr'><strong>uie</strong></span> <span class='ocrx_word' id='word_1_78' title='bbox 1468 1286 1505 1342; x_wconf 93' lang='lat' dir='ltr'><strong>et</strong></span> 
     </span>
     <span class='ocr_line' id='line_1_10' title="bbox 373 1383 1503 1458; baseline 0.002 -17"><span class='ocrx_word' id='word_1_79' title='bbox 373 1383 520 1442; x_wconf 77' lang='lat' dir='ltr'><strong>neritus</strong></span> <span class='ocrx_word' id='word_1_80' title='bbox 542 1387 578 1442; x_wconf 85' lang='lat' dir='ltr'><strong>et</strong></span> <span class='ocrx_word' id='word_1_81' title='bbox 598 1385 693 1442; x_wconf 84' lang='lat' dir='ltr'><strong>uite:</strong></span> <span class='ocrx_word' id='word_1_82' title='bbox 715 1401 815 1443; x_wconf 89' lang='lat' dir='ltr'><strong>nemo</strong></span> <span class='ocrx_word' id='word_1_83' title='bbox 838 1384 942 1444; x_wconf 91' lang='lat' dir='ltr'><strong>uenit</strong></span> <span class='ocrx_word' id='word_1_84' title='bbox 963 1385 1005 1443; x_wconf 83' lang='lat' dir='ltr'><strong>ed</strong></span> <span class='ocrx_word' id='word_1_85' title='bbox 1026 1387 1166 1457; x_wconf 84' lang='lat' dir='ltr'><strong>petrem</strong></span> <span class='ocrx_word' id='word_1_86' title='bbox 1192 1383 1267 1443; x_wconf 86' lang='lat' dir='ltr'><strong>niei</strong></span> <span class='ocrx_word' id='word_1_87' title='bbox 1289 1401 1351 1458; x_wconf 89' lang='lat' dir='ltr'><strong>per</strong></span> <span class='ocrx_word' id='word_1_88' title='bbox 1373 1399 1433 1442; x_wconf 89' lang='lat' dir='ltr'><strong>me.</strong></span> <span class='ocrx_word' id='word_1_89' title='bbox 1467 1385 1503 1443; x_wconf 86' lang='lat' dir='ltr'><strong>ud</strong></span> 
     </span>
     <span class='ocr_line' id='line_1_11' title="bbox 374 1485 1538 1558; baseline 0.001 -15"><span class='ocrx_word' id='word_1_90' title='bbox 374 1501 461 1558; x_wconf 80' lang='lat' dir='ltr'><strong>quum</strong></span> <span class='ocrx_word' id='word_1_91' title='bbox 485 1485 561 1545; x_wconf 85' lang='lat' dir='ltr'><strong>nium</strong></span> <span class='ocrx_word' id='word_1_92' title='bbox 586 1501 684 1546; x_wconf 83' lang='lat' dir='ltr'><strong>omnes</strong></span> <span class='ocrx_word' id='word_1_93' title='bbox 710 1485 840 1545; x_wconf 80' lang='lat' dir='ltr'><strong>homines</strong></span> <span class='ocrx_word' id='word_1_94' title='bbox 854 1485 1041 1546; x_wconf 78' lang='lat' dir='ltr'><strong>communiter</strong></span> <span class='ocrx_word' id='word_1_95' title='bbox 1055 1486 1163 1545; x_wconf 69' lang='lat' dir='ltr'><strong>inuitat</strong></span> <span class='ocrx_word' id='word_1_96' title='bbox 1176 1486 1290 1546; x_wconf 85' lang='lat' dir='ltr'><strong>dioene:</strong></span> <span class='ocrx_word' id='word_1_97' title='bbox 1312 1486 1437 1546; x_wconf 89' lang='lat' dir='ltr'><strong>uenite</strong></span> <span class='ocrx_word' id='word_1_98' title='bbox 1460 1487 1538 1545; x_wconf 80' lang='lat' dir='ltr'><strong>edu</strong></span> 
     </span>
     <span class='ocr_line' id='line_1_12' title="bbox 374 1589 1505 1664; baseline 0.002 -18"><span class='ocrx_word' id='word_1_99' title='bbox 374 1603 425 1646; x_wconf 88' lang='lat' dir='ltr'><strong>me</strong></span> <span class='ocrx_word' id='word_1_100' title='bbox 457 1605 577 1648; x_wconf 86' lang='lat' dir='ltr'><strong>omues</strong></span> <span class='ocrx_word' id='word_1_101' title='bbox 605 1589 667 1663; x_wconf 85' lang='lat' dir='ltr'><strong>qui</strong></span> <span class='ocrx_word' id='word_1_102' title='bbox 699 1589 885 1648; x_wconf 77' lang='lat' dir='ltr'><strong>laboretis</strong></span> <span class='ocrx_word' id='word_1_103' title='bbox 911 1593 948 1648; x_wconf 92' lang='lat' dir='ltr'><strong>et</strong></span> <span class='ocrx_word' id='word_1_104' title='bbox 976 1589 1118 1649; x_wconf 85' lang='lat' dir='ltr'><strong>onereti</strong></span> <span class='ocrx_word' id='word_1_105' title='bbox 1151 1591 1257 1661; x_wconf 81' lang='lat' dir='ltr'><strong>eutis,</strong></span> <span class='ocrx_word' id='word_1_106' title='bbox 1290 1593 1327 1649; x_wconf 88' lang='lat' dir='ltr'><strong>et</strong></span> <span class='ocrx_word' id='word_1_107' title='bbox 1354 1606 1419 1664; x_wconf 78' lang='lat' dir='ltr'><strong>ego</strong></span> <span class='ocrx_word' id='word_1_108' title='bbox 1442 1605 1505 1649; x_wconf 82' lang='lat' dir='ltr'><strong>ueu</strong></span> 
     </span>
     <span class='ocr_line' id='line_1_13' title="bbox 375 1690 1505 1767; baseline 0 -16"><span class='ocrx_word' id='word_1_109' title='bbox 375 1690 552 1751; x_wconf 79' lang='lat' dir='ltr'><strong>reficiam.</strong></span> <span class='ocrx_word' id='word_1_110' title='bbox 575 1693 752 1765; x_wconf 77' lang='lat' dir='ltr'><strong>quianon</strong></span> <span class='ocrx_word' id='word_1_111' title='bbox 772 1696 1081 1766; x_wconf 84' lang='lat' dir='ltr'><strong>eetpereonurum</strong></span> <span class='ocrx_word' id='word_1_112' title='bbox 1095 1694 1263 1766; x_wconf 82' lang='lat' dir='ltr'><strong>oeoeptio</strong></span> <span class='ocrx_word' id='word_1_113' title='bbox 1278 1694 1372 1767; x_wconf 87' lang='lat' dir='ltr'><strong>upud</strong></span> <span class='ocrx_word' id='word_1_114' title='bbox 1386 1693 1505 1752; x_wconf 90' lang='lat' dir='ltr'><strong>Deum.</strong></span> 
     </span>
     <span class='ocr_line' id='line_1_14' title="bbox 375 1793 1504 1865; baseline 0.001 -13"><span class='ocrx_word' id='word_1_115' title='bbox 375 1794 426 1852; x_wconf 86' lang='lat' dir='ltr'><strong>ubi</strong></span> <span class='ocrx_word' id='word_1_116' title='bbox 441 1810 499 1852; x_wconf 89' lang='lat' dir='ltr'><strong>nou</strong></span> <span class='ocrx_word' id='word_1_117' title='bbox 514 1795 559 1852; x_wconf 87' lang='lat' dir='ltr'><strong>eet</strong></span> <span class='ocrx_word' id='word_1_118' title='bbox 572 1793 695 1852; x_wconf 75' lang='lat' dir='ltr'><strong>Iudaeus</strong></span> <span class='ocrx_word' id='word_1_119' title='bbox 710 1796 739 1852; x_wconf 94' lang='lat' dir='ltr'><strong>et</strong></span> <span class='ocrx_word' id='word_1_120' title='bbox 754 1793 888 1864; x_wconf 79' lang='lat' dir='ltr'><strong>Grueoue,</strong></span> <span class='ocrx_word' id='word_1_121' title='bbox 910 1794 1054 1852; x_wconf 84' lang='lat' dir='ltr'><strong>mueoulue</strong></span> <span class='ocrx_word' id='word_1_122' title='bbox 1069 1797 1101 1852; x_wconf 91' lang='lat' dir='ltr'><strong>et</strong></span> <span class='ocrx_word' id='word_1_123' title='bbox 1122 1793 1238 1864; x_wconf 82' lang='lat' dir='ltr'><strong>femine,</strong></span> <span class='ocrx_word' id='word_1_124' title='bbox 1260 1811 1361 1852; x_wconf 80' lang='lat' dir='ltr'><strong>seruus</strong></span> <span class='ocrx_word' id='word_1_125' title='bbox 1374 1796 1405 1852; x_wconf 90' lang='lat' dir='ltr'><strong>et</strong></span> <span class='ocrx_word' id='word_1_126' title='bbox 1419 1793 1504 1865; x_wconf 85' lang='lat' dir='ltr'><strong>liber,</strong></span> 
     </span>
     <span class='ocr_line' id='line_1_15' title="bbox 377 1893 1505 1968; baseline -0.002 -14"><span class='ocrx_word' id='word_1_127' title='bbox 377 1895 518 1954; x_wconf 79' lang='lat' dir='ltr'><strong>burburus</strong></span> <span class='ocrx_word' id='word_1_128' title='bbox 544 1897 574 1953; x_wconf 91' lang='lat' dir='ltr'><strong>et</strong></span> <span class='ocrx_word' id='word_1_129' title='bbox 599 1894 714 1968; x_wconf 81' lang='lat' dir='ltr'><strong>Scytha,</strong></span> <span class='ocrx_word' id='word_1_130' title='bbox 740 1895 792 1954; x_wconf 80' lang='lat' dir='ltr'><strong>sed</strong></span> <span class='ocrx_word' id='word_1_131' title='bbox 818 1895 913 1954; x_wconf 86' lang='lat' dir='ltr'><strong>omniu</strong></span> <span class='ocrx_word' id='word_1_132' title='bbox 936 1893 967 1951; x_wconf 91' lang='lat' dir='ltr'><strong>in</strong></span> <span class='ocrx_word' id='word_1_133' title='bbox 993 1895 1124 1953; x_wconf 83' lang='lat' dir='ltr'><strong>omnibus</strong></span> <span class='ocrx_word' id='word_1_134' title='bbox 1145 1895 1292 1954; x_wconf 80' lang='lat' dir='ltr'><strong>Christus:</strong></span> <span class='ocrx_word' id='word_1_135' title='bbox 1314 1911 1414 1954; x_wconf 84' lang='lat' dir='ltr'><strong>omnes</strong></span> <span class='ocrx_word' id='word_1_136' title='bbox 1428 1895 1505 1953; x_wconf 91' lang='lat' dir='ltr'><strong>enim</strong></span> 
     </span>
     <span class='ocr_line' id='line_1_16' title="bbox 377 1995 1539 2070; baseline -0.002 -16"><span class='ocrx_word' id='word_1_137' title='bbox 377 2013 466 2054; x_wconf 89' lang='lat' dir='ltr'><strong>nuum</strong></span> <span class='ocrx_word' id='word_1_138' title='bbox 491 1998 560 2054; x_wconf 84' lang='lat' dir='ltr'><strong>eunt</strong></span> <span class='ocrx_word' id='word_1_139' title='bbox 580 1995 608 2054; x_wconf 89' lang='lat' dir='ltr'><strong>in</strong></span> <span class='ocrx_word' id='word_1_140' title='bbox 625 1995 739 2056; x_wconf 77' lang='lat' dir='ltr'><strong>(thrieto</strong></span> <span class='ocrx_word' id='word_1_141' title='bbox 759 1996 834 2055; x_wconf 85' lang='lat' dir='ltr'><strong>Ieeu.</strong></span> <span class='ocrx_word' id='word_1_142' title='bbox 857 1995 925 2054; x_wconf 91' lang='lat' dir='ltr'><strong>dum</strong></span> <span class='ocrx_word' id='word_1_143' title='bbox 939 2012 1007 2070; x_wconf 77' lang='lat' dir='ltr'><strong>ergo</strong></span> <span class='ocrx_word' id='word_1_144' title='bbox 1022 1995 1155 2054; x_wconf 76' lang='lat' dir='ltr'><strong>Christus</strong></span> <span class='ocrx_word' id='word_1_145' title='bbox 1179 1995 1246 2055; x_wconf 79' lang='lat' dir='ltr'><strong>finis</strong></span> <span class='ocrx_word' id='word_1_146' title='bbox 1272 1998 1317 2055; x_wconf 85' lang='lat' dir='ltr'><strong>eet</strong></span> <span class='ocrx_word' id='word_1_147' title='bbox 1342 1995 1426 2069; x_wconf 80' lang='lat' dir='ltr'><strong>legis,</strong></span> <span class='ocrx_word' id='word_1_148' title='bbox 1453 1996 1539 2070; x_wconf 85' lang='lat' dir='ltr'><strong>qniu</strong></span> 
     </span>
     <span class='ocr_line' id='line_1_17' title="bbox 378 2095 1505 2172; baseline 0 -16"><span class='ocrx_word' id='word_1_149' title='bbox 378 2097 439 2156; x_wconf 84' lang='lat' dir='ltr'><strong>eine</strong></span> <span class='ocrx_word' id='word_1_150' title='bbox 465 2095 528 2170; x_wconf 83' lang='lat' dir='ltr'><strong>lege</strong></span> <span class='ocrx_word' id='word_1_151' title='bbox 554 2099 622 2155; x_wconf 84' lang='lat' dir='ltr'><strong>sunt</strong></span> <span class='ocrx_word' id='word_1_152' title='bbox 637 2097 699 2156; x_wconf 82' lang='lat' dir='ltr'><strong>siue</strong></span> <span class='ocrx_word' id='word_1_153' title='bbox 714 2096 827 2156; x_wconf 80' lang='lat' dir='ltr'><strong>Christe</strong></span> <span class='ocrx_word' id='word_1_154' title='bbox 853 2097 935 2155; x_wconf 86' lang='lat' dir='ltr'><strong>fiunt.</strong></span> <span class='ocrx_word' id='word_1_155' title='bbox 958 2097 1048 2170; x_wconf 78' lang='lat' dir='ltr'><strong>igitur</strong></span> <span class='ocrx_word' id='word_1_156' title='bbox 1074 2096 1196 2170; x_wconf 85' lang='lat' dir='ltr'><strong>populue</strong></span> <span class='ocrx_word' id='word_1_157' title='bbox 1216 2097 1278 2156; x_wconf 84' lang='lat' dir='ltr'><strong>eine</strong></span> <span class='ocrx_word' id='word_1_158' title='bbox 1302 2099 1368 2170; x_wconf 77' lang='lat' dir='ltr'><strong>lege</strong></span> <span class='ocrx_word' id='word_1_159' title='bbox 1381 2097 1505 2172; x_wconf 80' lang='lat' dir='ltr'><strong>populus</strong></span> 
     </span>
     <span class='ocr_line' id='line_1_18' title="bbox 377 2197 1506 2273; baseline 0 -15"><span class='ocrx_word' id='word_1_160' title='bbox 377 2197 440 2258; x_wconf 83' lang='lat' dir='ltr'><strong>sine</strong></span> <span class='ocrx_word' id='word_1_161' title='bbox 465 2197 578 2258; x_wconf 78' lang='lat' dir='ltr'><strong>Christo</strong></span> <span class='ocrx_word' id='word_1_162' title='bbox 604 2200 658 2259; x_wconf 83' lang='lat' dir='ltr'><strong>ost.</strong></span> <span class='ocrx_word' id='word_1_163' title='bbox 682 2198 833 2258; x_wconf 85' lang='lat' dir='ltr'><strong>abueiuum</strong></span> <span class='ocrx_word' id='word_1_164' title='bbox 859 2215 928 2272; x_wconf 80' lang='lat' dir='ltr'><strong>ergo</strong></span> <span class='ocrx_word' id='word_1_165' title='bbox 943 2199 973 2258; x_wconf 92' lang='lat' dir='ltr'><strong>in</strong></span> <span class='ocrx_word' id='word_1_166' title='bbox 999 2200 1175 2272; x_wconf 76' lang='lat' dir='ltr'><strong>temporibus</strong></span> <span class='ocrx_word' id='word_1_167' title='bbox 1201 2200 1344 2273; x_wconf 73' lang='lat' dir='ltr'><strong>euangelii</strong></span> <span class='ocrx_word' id='word_1_168' title='bbox 1369 2199 1506 2273; x_wconf 89' lang='lat' dir='ltr'><strong>populum</strong></span> 
     </span>
     <span class='ocr_line' id='line_1_19' title="bbox 378 2299 1504 2374; baseline 0 -16"><span class='ocrx_word' id='word_1_169' title='bbox 378 2301 440 2358; x_wconf 88' lang='lat' dir='ltr'><strong>fieri</strong></span> <span class='ocrx_word' id='word_1_170' title='bbox 457 2300 519 2358; x_wconf 84' lang='lat' dir='ltr'><strong>eine</strong></span> <span class='ocrx_word' id='word_1_171' title='bbox 535 2299 658 2372; x_wconf 79' lang='lat' dir='ltr'><strong>Christo,</strong></span> <span class='ocrx_word' id='word_1_172' title='bbox 675 2303 789 2372; x_wconf 80' lang='lat' dir='ltr'><strong>quondo</strong></span> <span class='ocrx_word' id='word_1_173' title='bbox 803 2301 942 2374; x_wconf 81' lang='lat' dir='ltr'><strong>apostolis</strong></span> <span class='ocrx_word' id='word_1_174' title='bbox 957 2301 988 2359; x_wconf 91' lang='lat' dir='ltr'><strong>in</strong></span> <span class='ocrx_word' id='word_1_175' title='bbox 1004 2305 1121 2360; x_wconf 83' lang='lat' dir='ltr'><strong>eunotoe</strong></span> <span class='ocrx_word' id='word_1_176' title='bbox 1141 2303 1243 2374; x_wconf 76' lang='lat' dir='ltr'><strong>gentes</strong></span> <span class='ocrx_word' id='word_1_177' title='bbox 1258 2301 1376 2360; x_wconf 87' lang='lat' dir='ltr'><strong>lieentie</strong></span> <span class='ocrx_word' id='word_1_178' title='bbox 1390 2299 1504 2373; x_wconf 80' lang='lat' dir='ltr'><strong>proedi-</strong></span> 
     </span>
     <span class='ocr_line' id='line_1_20' title="bbox 377 2400 1504 2476; baseline -0.002 -16"><span class='ocrx_word' id='word_1_179' title='bbox 377 2400 499 2460; x_wconf 85' lang='lat' dir='ltr'><strong>outionis</strong></span> <span class='ocrx_word' id='word_1_180' title='bbox 523 2401 591 2460; x_wconf 82' lang='lat' dir='ltr'><strong>dete</strong></span> <span class='ocrx_word' id='word_1_181' title='bbox 616 2403 670 2474; x_wconf 88' lang='lat' dir='ltr'><strong>est,</strong></span> <span class='ocrx_word' id='word_1_182' title='bbox 698 2402 810 2475; x_wconf 84' lang='lat' dir='ltr'><strong>quondo</strong></span> <span class='ocrx_word' id='word_1_183' title='bbox 836 2401 994 2462; x_wconf 75' lang='lat' dir='ltr'><strong>tonitruum</strong></span> <span class='ocrx_word' id='word_1_184' title='bbox 1021 2401 1165 2475; x_wconf 77' lang='lat' dir='ltr'><strong>euangelii</strong></span> <span class='ocrx_word' id='word_1_185' title='bbox 1187 2418 1237 2476; x_wconf 89' lang='lat' dir='ltr'><strong>per</strong></span> <span class='ocrx_word' id='word_1_186' title='bbox 1258 2404 1375 2462; x_wconf 86' lang='lat' dir='ltr'><strong>ouuotue</strong></span> <span class='ocrx_word' id='word_1_187' title='bbox 1396 2400 1504 2460; x_wconf 70' lang='lat' dir='ltr'><strong>omenti</strong></span> 
     </span>
     <span class='ocr_line' id='line_1_21' title="bbox 377 2503 1541 2577; baseline -0.003 -16"><span class='ocrx_word' id='word_1_188' title='bbox 377 2505 475 2577; x_wconf 79' lang='lat' dir='ltr'><strong>portes</strong></span> <span class='ocrx_word' id='word_1_189' title='bbox 502 2503 636 2574; x_wconf 88' lang='lat' dir='ltr'><strong>intonuit,</strong></span> <span class='ocrx_word' id='word_1_190' title='bbox 662 2505 775 2576; x_wconf 80' lang='lat' dir='ltr'><strong>quondo</strong></span> <span class='ocrx_word' id='word_1_191' title='bbox 796 2506 898 2576; x_wconf 76' lang='lat' dir='ltr'><strong>gentes</strong></span> <span class='ocrx_word' id='word_1_192' title='bbox 918 2519 991 2576; x_wconf 84' lang='lat' dir='ltr'><strong>queo</strong></span> <span class='ocrx_word' id='word_1_193' title='bbox 1006 2521 1063 2564; x_wconf 93' lang='lat' dir='ltr'><strong>non</strong></span> <span class='ocrx_word' id='word_1_194' title='bbox 1077 2503 1260 2563; x_wconf 85' lang='lat' dir='ltr'><strong>eeetubuntur</strong></span> <span class='ocrx_word' id='word_1_195' title='bbox 1285 2503 1428 2563; x_wconf 87' lang='lat' dir='ltr'><strong>iuetitiem</strong></span> <span class='ocrx_word' id='word_1_196' title='bbox 1452 2503 1541 2560; x_wconf 78' lang='lat' dir='ltr'><strong>ud-ro</strong></span> 
     </span>
     <span class='ocr_line' id='line_1_22' title="bbox 378 2603 1505 2680; baseline -0.002 -18"><span class='ocrx_word' id='word_1_197' title='bbox 378 2606 593 2680; x_wconf 77' lang='lat' dir='ltr'><strong>prehenderunt</strong></span> <span class='ocrx_word' id='word_1_198' title='bbox 607 2603 759 2674; x_wconf 83' lang='lat' dir='ltr'><strong>iustitium,</strong></span> <span class='ocrx_word' id='word_1_199' title='bbox 783 2604 896 2676; x_wconf 78' lang='lat' dir='ltr'><strong>quando</strong></span> <span class='ocrx_word' id='word_1_200' title='bbox 911 2605 962 2678; x_wconf 91' lang='lat' dir='ltr'><strong>qui</strong></span> <span class='ocrx_word' id='word_1_201' title='bbox 976 2604 1062 2677; x_wconf 76' lang='lat' dir='ltr'><strong>longe</strong></span> <span class='ocrx_word' id='word_1_202' title='bbox 1076 2604 1191 2663; x_wconf 82' lang='lat' dir='ltr'><strong>fuerunt</strong></span> <span class='ocrx_word' id='word_1_203' title='bbox 1205 2603 1276 2663; x_wconf 74' lang='lat' dir='ltr'><strong>sueti</strong></span> <span class='ocrx_word' id='word_1_204' title='bbox 1291 2605 1360 2662; x_wconf 88' lang='lat' dir='ltr'><strong>sunt</strong></span> <span class='ocrx_word' id='word_1_205' title='bbox 1373 2620 1461 2676; x_wconf 87' lang='lat' dir='ltr'><strong>propo</strong></span> <span class='ocrx_word' id='word_1_206' title='bbox 1475 2603 1505 2660; x_wconf 88' lang='lat' dir='ltr'><strong>iu</strong></span> 
     </span>
    </p>
   </div>
   <div class='ocr_carea' id='block_1_3' title="bbox 376 2701 1541 3086">
    <p class='ocr_par' dir='ltr' id='par_1_3' title="bbox 376 2701 1541 3086">
     <span class='ocr_line' id='line_1_23' title="bbox 378 2701 1505 2780; baseline -0.003 -15"><span class='ocrx_word' id='word_1_207' title='bbox 378 2707 517 2780; x_wconf 62' lang='lat' dir='ltr'><strong>unguine</strong></span> <span class='ocrx_word' id='word_1_208' title='bbox 543 2704 666 2777; x_wconf 78' lang='lat' dir='ltr'><strong>christi,</strong></span> <span class='ocrx_word' id='word_1_209' title='bbox 689 2705 739 2778; x_wconf 87' lang='lat' dir='ltr'><strong>qui</strong></span> <span class='ocrx_word' id='word_1_210' title='bbox 764 2701 920 2777; x_wconf 77' lang='lat' dir='ltr'><strong>aliquando</strong></span> <span class='ocrx_word' id='word_1_211' title='bbox 946 2723 1003 2765; x_wconf 95' lang='lat' dir='ltr'><strong>non</strong></span> <span class='ocrx_word' id='word_1_212' title='bbox 1025 2704 1156 2777; x_wconf 80' lang='lat' dir='ltr'><strong>populus,</strong></span> <span class='ocrx_word' id='word_1_213' title='bbox 1183 2723 1258 2764; x_wconf 89' lang='lat' dir='ltr'><strong>nune</strong></span> <span class='ocrx_word' id='word_1_214' title='bbox 1272 2707 1366 2764; x_wconf 87' lang='lat' dir='ltr'><strong>eutem</strong></span> <span class='ocrx_word' id='word_1_215' title='bbox 1382 2705 1505 2778; x_wconf 89' lang='lat' dir='ltr'><strong>populus</strong></span> 
     </span>
     <span class='ocr_line' id='line_1_24' title="bbox 378 2805 1506 2881; baseline -0.002 -13"><span class='ocrx_word' id='word_1_216' title='bbox 378 2810 495 2868; x_wconf 82' lang='lat' dir='ltr'><strong>eunotue</strong></span> <span class='ocrx_word' id='word_1_217' title='bbox 517 2807 548 2865; x_wconf 91' lang='lat' dir='ltr'><strong>in</strong></span> <span class='ocrx_word' id='word_1_218' title='bbox 563 2805 687 2876; x_wconf 76' lang='lat' dir='ltr'><strong>christo,</strong></span> <span class='ocrx_word' id='word_1_219' title='bbox 714 2809 827 2881; x_wconf 79' lang='lat' dir='ltr'><strong>quando</strong></span> <span class='ocrx_word' id='word_1_220' title='bbox 849 2809 894 2866; x_wconf 84' lang='lat' dir='ltr'><strong>eet</strong></span> <span class='ocrx_word' id='word_1_221' title='bbox 909 2809 1022 2879; x_wconf 81' lang='lat' dir='ltr'><strong>tempus</strong></span> <span class='ocrx_word' id='word_1_222' title='bbox 1048 2805 1223 2879; x_wconf 83' lang='lat' dir='ltr'><strong>eooeptubile</strong></span> <span class='ocrx_word' id='word_1_223' title='bbox 1238 2809 1267 2864; x_wconf 90' lang='lat' dir='ltr'><strong>et</strong></span> <span class='ocrx_word' id='word_1_224' title='bbox 1282 2808 1344 2866; x_wconf 81' lang='lat' dir='ltr'><strong>dior</strong></span> <span class='ocrx_word' id='word_1_225' title='bbox 1360 2807 1462 2865; x_wconf 83' lang='lat' dir='ltr'><strong>selutie</strong></span> <span class='ocrx_word' id='word_1_226' title='bbox 1477 2811 1506 2866; x_wconf 89' lang='lat' dir='ltr'><strong>ot</strong></span> 
     </span>
     <span class='ocr_line' id='line_1_25' title="bbox 377 2908 1506 2983; baseline -0.002 -15"><span class='ocrx_word' id='word_1_227' title='bbox 377 2913 507 2983; x_wconf 79' lang='lat' dir='ltr'><strong>tempora</strong></span> <span class='ocrx_word' id='word_1_228' title='bbox 530 2908 673 2982; x_wconf 80' lang='lat' dir='ltr'><strong>refrigerii</strong></span> <span class='ocrx_word' id='word_1_229' title='bbox 698 2909 729 2967; x_wconf 92' lang='lat' dir='ltr'><strong>in</strong></span> <span class='ocrx_word' id='word_1_230' title='bbox 755 2911 908 2982; x_wconf 85' lang='lat' dir='ltr'><strong>eonepeotu</strong></span> <span class='ocrx_word' id='word_1_231' title='bbox 928 2909 1072 2982; x_wconf 78' lang='lat' dir='ltr'><strong>altissimi,</strong></span> <span class='ocrx_word' id='word_1_232' title='bbox 1097 2909 1208 2982; x_wconf 73' lang='lat' dir='ltr'><strong>quando</strong></span> <span class='ocrx_word' id='word_1_233' title='bbox 1228 2924 1415 2982; x_wconf 78' lang='lat' dir='ltr'><strong>unaquaeque</strong></span> <span class='ocrx_word' id='word_1_234' title='bbox 1435 2925 1506 2982; x_wconf 82' lang='lat' dir='ltr'><strong>gens</strong></span> 
     </span>
     <span class='ocr_line' id='line_1_26' title="bbox 376 3011 1541 3086; baseline -0.003 -16"><span class='ocrx_word' id='word_1_235' title='bbox 376 3012 464 3070; x_wconf 82' lang='lat' dir='ltr'><strong>hebet</strong></span> <span class='ocrx_word' id='word_1_236' title='bbox 484 3013 587 3072; x_wconf 83' lang='lat' dir='ltr'><strong>testem</strong></span> <span class='ocrx_word' id='word_1_237' title='bbox 600 3011 829 3084; x_wconf 78' lang='lat' dir='ltr'><strong>resurrectionis,</strong></span> <span class='ocrx_word' id='word_1_238' title='bbox 845 3012 959 3084; x_wconf 78' lang='lat' dir='ltr'><strong>quondo</strong></span> <span class='ocrx_word' id='word_1_239' title='bbox 972 3012 1148 3086; x_wconf 80' lang='lat' dir='ltr'><strong>protestetur</strong></span> <span class='ocrx_word' id='word_1_240' title='bbox 1163 3011 1314 3069; x_wconf 80' lang='lat' dir='ltr'><strong>Dominus:</strong></span> <span class='ocrx_word' id='word_1_241' title='bbox 1337 3027 1418 3070; x_wconf 83' lang='lat' dir='ltr'><strong>ecoe</strong></span> <span class='ocrx_word' id='word_1_242' title='bbox 1441 3027 1541 3084; x_wconf 76' lang='lat' dir='ltr'><strong>egone</strong></span> 
     </span>
    </p>
   </div>
   <div class='ocr_carea' id='block_1_4' title="bbox 376 3224 1505 3374">
    <p class='ocr_par' dir='ltr' id='par_1_4' title="bbox 376 3224 1505 3374">
     <span class='ocr_line' id='line_1_27' title="bbox 445 3224 1505 3293; baseline -0.003 -13"><span class='ocrx_word' id='word_1_243' title='bbox 445 3227 463 3280; x_wconf 88' lang='grc'>3</span> <span class='ocrx_word' id='word_1_244' title='bbox 480 3225 559 3280; x_wconf 89' lang='lat' dir='ltr'><strong>Pron.</strong></span> <span class='ocrx_word' id='word_1_245' title='bbox 579 3227 620 3289; x_wconf 82' lang='lat'><strong>14,</strong></span> <span class='ocrx_word' id='word_1_246' title='bbox 640 3227 680 3280; x_wconf 81' lang='lat'><strong>12.</strong></span> <span class='ocrx_word' id='word_1_247' title='bbox 864 3227 882 3279; x_wconf 90' lang='lat'>8</span> <span class='ocrx_word' id='word_1_248' title='bbox 899 3225 938 3281; x_wconf 89' lang='lat' dir='ltr'><strong>Io.</strong></span> <span class='ocrx_word' id='word_1_249' title='bbox 959 3226 1001 3293; x_wconf 82' lang='lat'><strong>14,</strong></span> <span class='ocrx_word' id='word_1_250' title='bbox 1018 3227 1043 3280; x_wconf 80' lang='lat' dir='ltr'><strong>e</strong></span> <span class='ocrx_word' id='word_1_251' title='bbox 1232 3224 1267 3280; x_wconf 93' lang='grc'><strong>10</strong></span> <span class='ocrx_word' id='word_1_252' title='bbox 1284 3225 1383 3279; x_wconf 83' lang='lat' dir='ltr'><strong>Mutth.</strong></span> <span class='ocrx_word' id='word_1_253' title='bbox 1404 3226 1445 3288; x_wconf 90' lang='lat'><strong>11,</strong></span> <span class='ocrx_word' id='word_1_254' title='bbox 1462 3225 1505 3278; x_wconf 75' lang='lat'><strong>28.</strong></span> 
     </span>
     <span class='ocr_line' id='line_1_28' title="bbox 376 3309 625 3374; baseline -0.016 -7"><span class='ocrx_word' id='word_1_255' title='bbox 376 3311 412 3367; x_wconf 83' lang='lat'><strong>25</strong></span> <span class='ocrx_word' id='word_1_256' title='bbox 430 3310 491 3368; x_wconf 76' lang='lat' dir='ltr'><strong>(tel.</strong></span> <span class='ocrx_word' id='word_1_257' title='bbox 508 3311 533 3374; x_wconf 85' lang='grc'><strong>3,</strong></span> <span class='ocrx_word' id='word_1_258' title='bbox 551 3309 594 3364; x_wconf 77' lang='lat'><strong>28.</strong></span> <span class='ocrx_word' id='word_1_259' title='bbox 620 3331 625 3348; x_wconf 86' lang='lat'><strong>·</strong></span> 
     </span>
    </p>
   </div>
   <div class='ocr_carea' id='block_1_5' title="bbox 376 3520 1507 4362">
    <p class='ocr_par' dir='ltr' id='par_1_5' title="bbox 376 3520 1507 4362">
     <span class='ocr_line' id='line_1_29' title="bbox 447 3520 1472 3589; baseline -0.003 -10"><span class='ocrx_word' id='word_1_260' title='bbox 447 3528 551 3580; x_wconf 85' lang='lat' dir='ltr'><strong>leuem</strong></span> <span class='ocrx_word' id='word_1_261' title='bbox 561 3523 636 3577; x_wconf 84' lang='lat' dir='ltr'><strong>uium</strong></span> <span class='ocrx_word' id='word_1_262' title='bbox 648 3522 680 3577; x_wconf 92' lang='lat' dir='ltr'>X</span> <span class='ocrx_word' id='word_1_263' title='bbox 756 3523 839 3576; x_wconf 82' lang='lat' dir='ltr'><strong>2uiis</strong></span> <span class='ocrx_word' id='word_1_264' title='bbox 851 3523 934 3577; x_wconf 80' lang='lat' dir='ltr'><strong>etiem</strong></span> <span class='ocrx_word' id='word_1_265' title='bbox 945 3538 970 3586; x_wconf 84' lang='lat' dir='ltr'><strong>o,</strong></span> <span class='ocrx_word' id='word_1_266' title='bbox 984 3523 1067 3576; x_wconf 82' lang='lat' dir='ltr'><strong>etium</strong></span> <span class='ocrx_word' id='word_1_267' title='bbox 1079 3521 1132 3576; x_wconf 85' lang='lat' dir='ltr'><strong>uiie</strong></span> <span class='ocrx_word' id='word_1_268' title='bbox 1147 3520 1215 3589; x_wconf 65' lang='lat' dir='ltr'><strong>(PX</strong></span> <span class='ocrx_word' id='word_1_269' title='bbox 1287 3520 1378 3576; x_wconf 83' lang='lat' dir='ltr'><strong>eudem</strong></span> <span class='ocrx_word' id='word_1_270' title='bbox 1392 3537 1442 3575; x_wconf 77' lang='lat' dir='ltr'><strong>eeu</strong></span> <span class='ocrx_word' id='word_1_271' title='bbox 1455 3538 1472 3576; x_wconf 88' lang='lat' dir='ltr'><strong>o</strong></span> 
     </span>
     <span class='ocr_line' id='line_1_30' title="bbox 376 3605 1473 3677; baseline -0.006 -9"><span class='ocrx_word' id='word_1_272' title='bbox 376 3614 504 3668; x_wconf 70' lang='lat' dir='ltr'><strong>deorum</strong></span> <span class='ocrx_word' id='word_1_273' title='bbox 526 3612 550 3663; x_wconf 84' lang='lat' dir='ltr'><em>G</em></span> <span class='ocrx_word' id='word_1_274' title='bbox 675 3607 843 3666; x_wconf 79' lang='lat' dir='ltr'><strong>deducente</strong></span> <span class='ocrx_word' id='word_1_275' title='bbox 970 3607 1103 3677; x_wconf 77' lang='lat' dir='ltr'><strong>dlegolie</strong></span> <span class='ocrx_word' id='word_1_276' title='bbox 1124 3607 1151 3662; x_wconf 88' lang='lat' dir='ltr'><em>V</em></span> <span class='ocrx_word' id='word_1_277' title='bbox 1270 3606 1424 3662; x_wconf 80' lang='lat' dir='ltr'><strong>ddextrnm</strong></span> <span class='ocrx_word' id='word_1_278' title='bbox 1442 3605 1473 3661; x_wconf 88' lang='lat' dir='ltr'>X</span> 
     </span>
     <span class='ocr_line' id='line_1_31' title="bbox 376 3693 1505 3764; baseline -0.005 -12"><span class='ocrx_word' id='word_1_279' title='bbox 376 3701 393 3752; x_wconf 85' lang='grc'><strong>’1</strong></span> <span class='ocrx_word' id='word_1_280' title='bbox 411 3699 483 3752; x_wconf 84' lang='lat' dir='ltr'><strong>ieeue</strong></span> <span class='ocrx_word' id='word_1_281' title='bbox 501 3697 617 3752; x_wconf 74' lang='lat' dir='ltr'><strong>ebrietur</strong></span> <span class='ocrx_word' id='word_1_282' title='bbox 635 3711 659 3760; x_wconf 81' lang='lat' dir='ltr'><strong>o,</strong></span> <span class='ocrx_word' id='word_1_283' title='bbox 677 3696 749 3750; x_wconf 79' lang='lat' dir='ltr'><strong>ieeue</strong></span> <span class='ocrx_word' id='word_1_284' title='bbox 766 3695 798 3749; x_wconf 90' lang='lat' dir='ltr'>X</span> <span class='ocrx_word' id='word_1_285' title='bbox 933 3695 951 3750; x_wconf 88' lang='lat'>8</span> <span class='ocrx_word' id='word_1_286' title='bbox 968 3696 1015 3748; x_wconf 84' lang='lat' dir='ltr'><strong>uie</strong></span> <span class='ocrx_word' id='word_1_287' title='bbox 1032 3695 1069 3764; x_wconf 89' lang='lat' dir='ltr'><strong>et]</strong></span> <span class='ocrx_word' id='word_1_288' title='bbox 1087 3695 1133 3747; x_wconf 85' lang='lat' dir='ltr'><strong>uie</strong></span> <span class='ocrx_word' id='word_1_289' title='bbox 1150 3695 1196 3748; x_wconf 83' lang='lat' dir='ltr'><strong>Xo</strong></span> <span class='ocrx_word' id='word_1_290' title='bbox 1333 3693 1367 3747; x_wconf 92' lang='lat'><strong>10</strong></span> <span class='ocrx_word' id='word_1_291' title='bbox 1384 3693 1505 3747; x_wconf 80' lang='lat' dir='ltr'><strong>hemines</strong></span> 
     </span>
     <span class='ocr_line' id='line_1_32' title="bbox 376 3777 1507 3848; baseline -0.006 -10"><span class='ocrx_word' id='word_1_292' title='bbox 376 3801 429 3840; x_wconf 87' lang='lat' dir='ltr'><strong>om.</strong></span> <span class='ocrx_word' id='word_1_293' title='bbox 451 3783 478 3837; x_wconf 99' lang='lat' dir='ltr'><strong><em>V</em></strong></span> <span class='ocrx_word' id='word_1_294' title='bbox 578 3783 610 3836; x_wconf 91' lang='lat'><strong>11</strong></span> <span class='ocrx_word' id='word_1_295' title='bbox 629 3781 826 3835; x_wconf 82' lang='lat' dir='ltr'><strong>et...redeium</strong></span> <span class='ocrx_word' id='word_1_296' title='bbox 843 3780 944 3848; x_wconf 84' lang='lat' dir='ltr'><strong>om.X</strong></span> <span class='ocrx_word' id='word_1_297' title='bbox 1051 3779 1085 3834; x_wconf 76' lang='lat'><strong>12</strong></span> <span class='ocrx_word' id='word_1_298' title='bbox 1101 3779 1219 3833; x_wconf 81' lang='lat' dir='ltr'><strong>refioium</strong></span> <span class='ocrx_word' id='word_1_299' title='bbox 1237 3795 1320 3833; x_wconf 83' lang='lat' dir='ltr'><strong>nouo</strong></span> <span class='ocrx_word' id='word_1_300' title='bbox 1428 3777 1461 3832; x_wconf 88' lang='grc'><strong>13</strong></span> <span class='ocrx_word' id='word_1_301' title='bbox 1479 3780 1507 3830; x_wconf 90' lang='lat' dir='ltr'><strong>et</strong></span> 
     </span>
     <span class='ocr_line' id='line_1_33' title="bbox 376 3863 1507 3940; baseline -0.007 -15"><span class='ocrx_word' id='word_1_302' title='bbox 376 3870 415 3940; x_wconf 65' lang='lat' dir='ltr'><strong>gd</strong></span> <span class='ocrx_word' id='word_1_303' title='bbox 433 3886 481 3924; x_wconf 90' lang='lat' dir='ltr'><strong>noo</strong></span> <span class='ocrx_word' id='word_1_304' title='bbox 498 3883 608 3938; x_wconf 77' lang='lat' dir='ltr'><strong>grneonu</strong></span> <span class='ocrx_word' id='word_1_305' title='bbox 626 3884 644 3922; x_wconf 87' lang='lat' dir='ltr'><strong>o</strong></span> <span class='ocrx_word' id='word_1_306' title='bbox 746 3865 781 3921; x_wconf 82' lang='lat'><strong>14</strong></span> <span class='ocrx_word' id='word_1_307' title='bbox 798 3865 907 3920; x_wconf 79' lang='lat' dir='ltr'><strong>shoithe</strong></span> <span class='ocrx_word' id='word_1_308' title='bbox 927 3865 952 3918; x_wconf 80' lang='grc'><strong>(1</strong></span> <span class='ocrx_word' id='word_1_309' title='bbox 1054 3864 1209 3918; x_wconf 80' lang='lat' dir='ltr'><strong>eed...ieeu</strong></span> <span class='ocrx_word' id='word_1_310' title='bbox 1226 3879 1276 3918; x_wconf 75' lang='lat' dir='ltr'><strong>ont</strong></span> <span class='ocrx_word' id='word_1_311' title='bbox 1290 3863 1321 3918; x_wconf 87' lang='lat' dir='ltr'>X</span> <span class='ocrx_word' id='word_1_312' title='bbox 1421 3864 1460 3933; x_wconf 91' lang='lat' dir='ltr'><strong>in]</strong></span> <span class='ocrx_word' id='word_1_313' title='bbox 1478 3867 1507 3917; x_wconf 88' lang='lat' dir='ltr'><strong>et</strong></span> 
     </span>
     <span class='ocr_line' id='line_1_34' title="bbox 377 3949 1475 4020; baseline -0.008 -9"><span class='ocrx_word' id='word_1_314' title='bbox 377 3957 406 4012; x_wconf 88' lang='lat' dir='ltr'><strong>iu</strong></span> <span class='ocrx_word' id='word_1_315' title='bbox 427 3955 516 4010; x_wconf 79' lang='lat' dir='ltr'><strong>Geed</strong></span> <span class='ocrx_word' id='word_1_316' title='bbox 532 3956 560 4008; x_wconf 90' lang='lat' dir='ltr'><strong>et</strong></span> <span class='ocrx_word' id='word_1_317' title='bbox 576 3969 598 4006; x_wconf 85' lang='lat' dir='ltr'><strong>e.</strong></span> <span class='ocrx_word' id='word_1_318' title='bbox 617 3953 636 4006; x_wconf 90' lang='grc'><strong>1.</strong></span> <span class='ocrx_word' id='word_1_319' title='bbox 653 3955 728 4008; x_wconf 66' lang='grc' dir='ltr'><em>Μ</em></span> <span class='ocrx_word' id='word_1_320' title='bbox 839 3950 973 4020; x_wconf 76' lang='lat' dir='ltr'><strong>omnibus]</strong></span> <span class='ocrx_word' id='word_1_321' title='bbox 992 3949 1084 4004; x_wconf 78' lang='lat' dir='ltr'><strong>omnio</strong></span> <span class='ocrx_word' id='word_1_322' title='bbox 1107 3949 1133 4004; x_wconf 89' lang='lat' dir='ltr'><strong><em>V</em></strong></span> <span class='ocrx_word' id='word_1_323' title='bbox 1237 3949 1317 4018; x_wconf 84' lang='lat' dir='ltr'><strong>enirn]</strong></span> <span class='ocrx_word' id='word_1_324' title='bbox 1335 3965 1400 4018; x_wconf 77' lang='lat' dir='ltr'><strong>orgo</strong></span> <span class='ocrx_word' id='word_1_325' title='bbox 1420 3949 1475 4003; x_wconf 78' lang='lat' dir='ltr'><strong>GV</strong></span> 
     </span>
     <span class='ocr_line' id='line_1_35' title="bbox 377 4033 1472 4110; baseline -0.005 -14"><span class='ocrx_word' id='word_1_326' title='bbox 377 4043 412 4097; x_wconf 84' lang='lat'><strong>15</strong></span> <span class='ocrx_word' id='word_1_327' title='bbox 428 4039 498 4110; x_wconf 79' lang='lat' dir='ltr'><strong>logie</strong></span> <span class='ocrx_word' id='word_1_328' title='bbox 516 4041 558 4092; x_wconf 85' lang='lat' dir='ltr'><strong>eet</strong></span> <span class='ocrx_word' id='word_1_329' title='bbox 576 4037 623 4092; x_wconf 81' lang='lat' dir='ltr'><strong>Xe</strong></span> <span class='ocrx_word' id='word_1_330' title='bbox 743 4037 776 4091; x_wconf 87' lang='lat'><strong>16</strong></span> <span class='ocrx_word' id='word_1_331' title='bbox 793 4035 872 4105; x_wconf 86' lang='lat' dir='ltr'><strong>finnt]</strong></span> <span class='ocrx_word' id='word_1_332' title='bbox 893 4039 957 4089; x_wconf 83' lang='lat' dir='ltr'><strong>sunt</strong></span> <span class='ocrx_word' id='word_1_333' title='bbox 974 4037 1004 4088; x_wconf 85' lang='lat' dir='ltr'>X</span> <span class='ocrx_word' id='word_1_334' title='bbox 1126 4035 1184 4089; x_wconf 79' lang='lat' dir='ltr'><strong>eine</strong></span> <span class='ocrx_word' id='word_1_335' title='bbox 1202 4034 1262 4103; x_wconf 77' lang='lat' dir='ltr'><strong>lege</strong></span> <span class='ocrx_word' id='word_1_336' title='bbox 1279 4033 1310 4089; x_wconf 88' lang='lat' dir='ltr'>X</span> <span class='ocrx_word' id='word_1_337' title='bbox 1325 4050 1347 4089; x_wconf 82' lang='lat' dir='ltr'><strong>e.</strong></span> <span class='ocrx_word' id='word_1_338' title='bbox 1365 4035 1383 4088; x_wconf 93' lang='grc'><strong>1.</strong></span> <span class='ocrx_word' id='word_1_339' title='bbox 1401 4051 1436 4088; x_wconf 71' lang='lat' dir='ltr'><strong>nu</strong></span> <span class='ocrx_word' id='word_1_340' title='bbox 1448 4037 1472 4090; x_wconf 77' lang='lat'><strong>&#39;2</strong></span> 
     </span>
     <span class='ocr_line' id='line_1_36' title="bbox 377 4120 1472 4190; baseline -0.002 -12"><span class='ocrx_word' id='word_1_341' title='bbox 377 4125 411 4179; x_wconf 86' lang='grc'><strong>11</strong></span> <span class='ocrx_word' id='word_1_342' title='bbox 430 4123 507 4178; x_wconf 77' lang='lat' dir='ltr'><strong>ebusi</strong></span> <span class='ocrx_word' id='word_1_343' title='bbox 526 4122 595 4177; x_wconf 77' lang='lat'><strong>0¹1⁷</strong></span> <span class='ocrx_word' id='word_1_344' title='bbox 714 4121 747 4176; x_wconf 89' lang='lat'><strong>18</strong></span> <span class='ocrx_word' id='word_1_345' title='bbox 764 4121 823 4176; x_wconf 89' lang='lat' dir='ltr'><strong>eino</strong></span> <span class='ocrx_word' id='word_1_346' title='bbox 839 4122 900 4190; x_wconf 80' lang='lat' dir='ltr'><strong>lege</strong></span> <span class='ocrx_word' id='word_1_347' title='bbox 917 4121 1010 4175; x_wconf 81' lang='lat' dir='ltr'><strong>fieriu</strong></span> <span class='ocrx_word' id='word_1_348' title='bbox 1130 4122 1163 4174; x_wconf 79' lang='lat'><strong>21</strong></span> <span class='ocrx_word' id='word_1_349' title='bbox 1182 4120 1215 4175; x_wconf 89' lang='lat' dir='ltr'><strong>de</strong></span> <span class='ocrx_word' id='word_1_350' title='bbox 1231 4120 1312 4190; x_wconf 80' lang='lat' dir='ltr'><strong>longe</strong></span> <span class='ocrx_word' id='word_1_351' title='bbox 1329 4120 1472 4176; x_wconf 76' lang='lat' dir='ltr'><strong>fuerunto</strong></span> 
     </span>
     <span class='ocr_line' id='line_1_37' title="bbox 377 4207 1505 4280; baseline -0.004 -15"><span class='ocrx_word' id='word_1_352' title='bbox 377 4211 412 4266; x_wconf 72' lang='lat'><strong>23</strong></span> <span class='ocrx_word' id='word_1_353' title='bbox 430 4211 547 4280; x_wconf 83' lang='lat' dir='ltr'><strong>renotuo]</strong></span> <span class='ocrx_word' id='word_1_354' title='bbox 565 4210 608 4274; x_wconf 84' lang='lat' dir='ltr'><strong>dei</strong></span> <span class='ocrx_word' id='word_1_355' title='bbox 625 4225 642 4264; x_wconf 89' lang='lat' dir='ltr'><strong>o</strong></span> <span class='ocrx_word' id='word_1_356' title='bbox 743 4208 778 4262; x_wconf 78' lang='lat'><strong>24</strong></span> <span class='ocrx_word' id='word_1_357' title='bbox 796 4223 956 4276; x_wconf 77' lang='lat' dir='ltr'><strong>unoquoque</strong></span> <span class='ocrx_word' id='word_1_358' title='bbox 977 4210 1008 4272; x_wconf 88' lang='lat' dir='ltr'><strong>G,</strong></span> <span class='ocrx_word' id='word_1_359' title='bbox 1030 4222 1150 4276; x_wconf 74' lang='lat' dir='ltr'><strong>quaeque</strong></span> <span class='ocrx_word' id='word_1_360' title='bbox 1168 4207 1199 4262; x_wconf 89' lang='lat' dir='ltr'>X</span> <span class='ocrx_word' id='word_1_361' title='bbox 1299 4207 1378 4261; x_wconf 76' lang='lat'>2511.</span> <span class='ocrx_word' id='word_1_362' title='bbox 1396 4208 1505 4276; x_wconf 75' lang='lat' dir='ltr'><strong>tentem]</strong></span> 
     </span>
     <span class='ocr_line' id='line_1_38' title="bbox 377 4291 1336 4362; baseline -0.002 -11"><span class='ocrx_word' id='word_1_363' title='bbox 377 4296 562 4352; x_wconf 76' lang='lat' dir='ltr'><strong>testimenium</strong></span> <span class='ocrx_word' id='word_1_364' title='bbox 580 4294 663 4349; x_wconf 85' lang='lat' dir='ltr'><strong>hebet</strong></span> <span class='ocrx_word' id='word_1_365' title='bbox 685 4293 712 4349; x_wconf 87' lang='lat' dir='ltr'><strong><em>V</em></strong></span> <span class='ocrx_word' id='word_1_366' title='bbox 810 4294 868 4362; x_wconf 88' lang='lat' dir='ltr'><strong>ipee</strong></span> <span class='ocrx_word' id='word_1_367' title='bbox 885 4291 1011 4348; x_wconf 75' lang='lat' dir='ltr'><strong>dominus</strong></span> <span class='ocrx_word' id='word_1_368' title='bbox 1027 4295 1195 4362; x_wconf 86' lang='lat' dir='ltr'><strong>preteetetur</strong></span> <span class='ocrx_word' id='word_1_369' title='bbox 1210 4292 1336 4349; x_wconf 76' lang='lat' dir='ltr'><strong>diceneo</strong></span> 
     </span>
    </p>
   </div>
   <div class='ocr_carea' id='block_1_6' title="bbox 0 0 2014 5054">
    <p class='ocr_par' dir='ltr' id='par_1_6' title="bbox 0 0 2014 5054">
     <span class='ocr_line' id='line_1_39' title="bbox 0 0 2014 5054; baseline 0 0"><span class='ocrx_word' id='word_1_370' title='bbox 0 0 2014 5054; x_wconf 95' lang='lat' dir='ltr'><strong> </strong></span> 
     </span>
    </p>
   </div>
  </div>
 </body>
</html>
