4014 5056
1479 427 1572 476 XXIII

438 581 511 628 cum
530 561 662 647 reliquis
682 561 814 628 alterius
833 560 972 628 familiae
992 560 1127 628 testibus
1141 561 1345 648 integriorem
1360 561 1393 626 01
1406 562 1573 646 permultis

434 673 513 740 locis
529 675 639 741 contra
648 672 692 738 W
703 673 803 739 iacere
817 673 967 750 aldonem,
982 671 1023 738 ad
1033 672 1241 738 emendandos
1256 672 1380 739 libellos
1390 671 1437 736 IV
1448 674 1482 739 et
1491 672 1572 738 XIII

436 782 574 862 adhibui,
602 800 662 868 quo
688 785 793 870 magis
818 785 983 852 accedente
1008 783 1137 850 alterius
1160 782 1275 850 codicis
1297 783 1441 851 diuersae
1463 784 1572 868 stirpis

297 891 300 898 '
438 897 623 962 auctoritate
637 899 779 978 receptae
793 895 944 962 lectiones
959 895 1223 961 confirmarentur,

474 1005 623 1090 110110οο0
644 1004 765 1073 codices
785 1025 918 1089 quorum
931 1005 1106 1072 uariantem
1120 1004 1287 1072 lectionem
1302 1003 1479 1090 degustaui,
1503 1004 1572 1070 dico

433 1115 696 1202 Bambergensem
712 1113 768 1202 (B)
788 1115 885 1182 theol.
905 1116 971 1181 476
991 1133 1070 1182 saec.
1086 1115 1144 1193 XI,
1165 1114 1377 1182 Parisiensom
1393 1113 1446 1202 (0)
1464 1115 1570 1180 12126

434 1243 511 1292 saec.
526 1226 583 1307 IX,
601 1225 871 1294 vindobonensem
887 1226 937 1311 (L)
953 1227 1017 1292 962
1031 1245 1113 1293 saec.
1128 1224 1185 1306 IX,
1200 1226 1419 1293 Monacensem
1430 1222 1489 1312 (Μ)
1505 1227 1569 1293 208

434 1354 512 1404 saec.
528 1337 583 1419 IX,
606 1337 816 1407 Parisiensem
834 1339 884 1418 (P)
901 1339 984 1406 1647
1000 1339 1030 1404 Α
1045 1356 1123 1405 saec.
1139 1337 1197 1422 IX,
1212 1337 1420 1422 Reginensem
1436 1336 1490 1423 (B)
1508 1338 1570 1405 116
1593 1354 1596 1360 ’

433 1465 511 1514 saec.
530 1447 585 1532 IX,
600 1449 809 1533 Reginensem
825 1449 877 1536 (Τ)
895 1450 957 1516 118
972 1467 1051 1514 saec.
1065 1449 1106 1527 X,
1122 1449 1222 1515 altero
1237 1448 1332 1514 lruim
1348 1447 1571 1531 disputationis

438 1558 540 1642 capite
569 1559 602 1626 in
630 1562 695 1628 tres
728 1559 871 1628 (11000000
886 1559 1098 1632 ‚ancmritstis
1127 1557 1268 1626 familias
1299 1557 1400 1624 diuidi
1429 1558 1572 1626 accurate

430 1667 661 1736 demonstrabo.
697 1671 731 1736 iu
760 1671 941 1738 libellorum
972 1670 1187 1737 emendatione
1216 1669 1306 1736 iuxta
1334 1667 1571 1755 Seguierianum

433 1778 632 1848 secundarius
654 1781 759 1863 partes
783 1783 815 1859 et
836 1781 898 1864 ipsi
920 1784 1030 1868 agunt.
1056 1781 1170 1864 quibus
1193 1799 1266 1847 cum
1290 1779 1366 1846 solis
1388 1778 1517 1845 libellus
1538 1778 1572 1844 II
1687 1771 1699 1792 ‘

434 1886 525 1968 Quod
552 1890 641 1955 idolo
661 1891 711 1955 dit
733 1890 888 1956 0000101
910 1891 1078 1974 inscriptus
1093 1891 1285 1969 exhibeatur,
1312 1890 1379 1955 eius
1395 1888 1570 1956 emendatio

433 1999 540 2067 eadem
555 2003 651 2085 atque
665 2000 873 2084 epistularum
886 2001 957 2087 lege
972 2001 1158 2068 continetur.

472 2110 644 2176 Peculiaris
658 2113 708 2177 est
721 2113 859 2178 condicio
874 2111 976 2178 libelli
991 2111 1042 2176 111
1056 2110 1124 2176 AD
1142 2109 1385 2190 QVJRJNVM,
1406 2110 1461 2192 qui
1476 2109 1568 2175 uber·
1578 2127 1639 2169 mss
1649 2123 1734 2168 oure

430 2221 521 2286 rimis
535 2239 694 2287 sacrorum
708 2222 860 2289 librorum
871 2222 1058 2306 fragmentis
1070 2222 1223 2288 consistit.
1240 2220 1329 2287 cuius
1340 2218 1566 2286 uetustioribus
1596 2195 1715 2248 qum,

429 2331 588 2398 codicibus
603 2351 673 2398 cum
689 2331 970 2417 locupletissimam
985 2333 1170 2400 memoriam
1184 2329 1453 2416 interpretationis
1463 2329 1564 2396 Italae

431 2461 526 2524 quam
547 2442 658 2508 dicunt
677 2444 793 2508 ueteris
808 2443 924 2510 seruari
939 2443 1088 2522 uiderem,
1110 2443 1279 2526 genuinam
1294 2444 1362 2508 eius
1377 2444 1565 2527 interpreta-

431 2552 526 2618 tionis
548 2552 692 2630 iormam,
714 2571 808 2637 quem
827 2553 1014 2635 primarium
1035 2552 1186 2618 sermonis
1207 2552 1351 2638 uulgaris
1371 2553 1491 2619 fontem
1507 2573 1573 2620 esse

431 2663 514 2728 inter
542 2663 628 2727 uiros
650 2663 758 2728 doctos
782 2664 914 2742 constet,
945 2663 1119 2729 accuretius
1141 2681 1237 2746 quam
1259 2661 1362 2728 adhuc
1384 2661 1502 2729 iactum
1524 2667 1574 2730 est

437 2773 598 2840 enucleare
618 2773 877 2856 diremerumque
891 2775 1104 2840 recensionnm
1118 2774 1215 2840 testes
1228 2773 1416 2858 integriores
1431 2775 1573 2842 excutere

432 2884 550 2950 studui.
580 2884 637 2950 sed
658 2885 827 2952 diortbosis
848 2885 960 2952 multis
982 2884 1224 2951 difficultatibus
1246 2886 1315 2950 erat
1336 2883 1508 2968 implicata,
1535 2888 1573 2950 ut
1616 2953 1617 2956 ,

434 3013 513 3078 quae
538 2995 654 3060 uellem
678 2995 825 3078 perlicere
847 3014 908 3061 non
930 3014 1061 3078 possem.
1087 3013 1161 3061 nam
1186 2995 1332 3079 pluresue
1358 2994 1477 3062 fuerint
1499 2995 1571 3060 ante

435 3105 662 3190 Hieronymum
685 3122 844 3171 sacrorum
865 3105 1015 3172 librorum
1032 3107 1152 3172 ueteres
1167 3105 1285 3171 latinae
1299 3105 1571 3189 interpretationes

432 3235 471 3281 an
485 3233 548 3282 ona
561 3216 770 3300 posteriorum
784 3235 858 3282 cura
871 3215 1014 3301 pluribus
1029 3215 1259 3282 recensionibus
1275 3215 1448 3299 emendata,
1464 3214 1519 3280 ubi
1535 3233 1571 3280 ea

323 3319 325 3322 ’
432 3327 539 3392 eiusne
560 3326 755 3394 recensiones
777 3325 877 3392 factae
900 3327 973 3406 sint,
996 3344 1074 3409 quae
1089 3345 1109 3392 u
1123 3325 1238 3407 quibus
1258 3325 1464 3408 scriptoribus
1478 3342 1570 3390 usur·

430 3438 530 3518 patos,
562 3437 663 3503 adhuc
689 3436 863 3522 ignoratur,
894 3437 1037 3521 quamuis
1058 3436 1130 3520 post
1151 3435 1306 3502 Sabaterii
1336 3433 1571 3518 amplissimum

430 3565 517 3631 opus,
534 3549 589 3632 qui
603 3549 726 3632 primus
740 3548 893 3617 uersionis
907 3548 1054 3630 antiquae
1068 3547 1217 3630 reliquias
1228 3548 1300 3613 tum
1311 3546 1452 3632 cognite-s
1463 3562 1570 3612 omnes

431 3659 560 3745 collegit
589 3659 786 3742 (Bablo'orcm
814 3677 977 3725 sommum
999 3657 1139 3724 Latinae
1159 3659 1321 3725 0000100000
1343 3658 1495 3738 00110000
1516 3675 1571 3722 scu

432 3778 521 3838 00100
536 3771 659 3838 italico
669 3773 778 3839 Remis
794 3771 902 3856 1742),
918 3771 952 3839 in
965 3771 1066 3837 lucem
1081 3771 1212 3854 prolatis
1227 3771 1407 3838 sanctorum
1417 3767 1570 3834 librorum

432 3883 589 3949 codicibus
614 3885 669 3968 qui
693 3883 747 3950 din
769 3883 906 3970 neglecti
926 3881 1071 3948 iacebant
1092 3901 1174 3949 nona
1195 3882 1331 3948 materie
1350 3880 1443 3946 bodie
1465 3897 1570 3945 accre-

430 3993 565 4081 uerit*),
581 4014 642 4078 qua
656 3995 854 4079 quaestiones
868 3995 944 4061 illae
958 3993 1075 4061 certius
1089 3995 1122 4060 et
1136 3994 1253 4060 rectius
1269 4012 1365 4076 qnam
1379 3990 1569 4058 aSabaterio

467 4168 494 4235 1)
509 4165 549 4222 Oi.
561 4119 708 4222 Blanclnini
718 4165 954 4236 Imoupela'cra'rrm
970 4161 1147 4232 qucdsacplcc
1159 4162 1282 4218 Latium
1293 4162 1429 4218 0000010010
1439 4161 1571 4230 amicum

431 4267 481 4308 seue
489 4254 594 4307 metam
600 4251 694 4306 Italae
700 4251 801 4306 Rornae
810 4255 884 4315 1⁷49,
895 4249 1039 4304 blanchini
1049 4248 1404 4305 Vindicioccanom'ccracm
1412 4249 1568 4316 scriptaru-

431 4355 495 4392 rom
506 4337 644 4410 Vulgatce
653 4337 776 4394 Datim
787 4336 916 4394 editionis
921 4336 1021 4393 Romae
1033 4339 1101 4389 1740
1110 4364 1144 4375 -
1155 4333 1326 4391 Griesbachii
1336 4332 1478 4405 0900010100
1489 4333 1567 4388 criti·
