4014 5056
445 408 546 456 uxxn

444 543 584 609 dientes
603 542 877 627 imtmpretunweti
891 547 1022 626 propter
1041 541 1224 624 tmeemeioe
1241 541 1394 624 quosdam
1410 541 1577 606 tite-artae

443 653 610 737 [memes
620 653 764 738 indigere
773 653 917 739 erederet,
932 657 965 719 et
974 653 1110 720 indicem
1120 653 1265 720 eubieoit.
1281 651 1470 736 exemplerie
1479 651 1575 717 huius

445 764 592 831 editionis
612 783 671 831 non
693 783 759 831 esse
780 783 850 830 rere
864 763 1065 830 Audiffredus
1080 762 1268 851 (Cetelopoe
1287 761 1576 828 historieoeritimes

443 873 668 940 Rommsomm
689 874 865 940 editionum
888 893 966 940 seeo.
985 873 1060 940 XV
1075 893 1105 956 p.
1123 874 1199 959 140)
1222 875 1328 950 doeet;
1354 873 1423 959 ipse
1445 871 1576 949 adhibui

444 984 525 1069 quod
540 985 574 1051 in
588 985 778 1051 bibliotheoe
788 983 1020 1052 vindobonensi
1034 985 1212 1050 essernetur
1226 984 1308 1070 sign.
1324 983 1471 1077 11119.
1486 999 1575 1049 more

443 1095 589 1162 editionis
603 1095 753 1178 principis
768 1095 914 1178 repetitio
928 1095 977 1161 est
990 1111 1027 1160 ee
1039 1113 1117 1177 queo
1132 1094 1240 1160 eodem
1254 1111 1334 1159 enno
1343 1091 1486 1160 venetiis
1500 1109 1575 1176 pro·

444 1205 514 1284 111,
531 1205 666 1272 aarum
677 1205 737 1271 nne
751 1205 887 1291 legitur:
902 1199 1217 1286 sequestremne
1233 1183 1441 1270 emerem
1451 1204 1576 1284 spem

442 1334 506 1380 sem
527 1315 693 1398 Artificem
714 1317 771 1396 pei
791 1314 957 1397 Epistoios
981 1313 1080 1378 Booti
1100 1313 1261 1396 Cypriani
1283 1311 1388 1378 reddit
1413 1314 1452 1377 im
1475 1312 1576 1378 eeee

444 1423 493 1489 Μ.
510 1423 626 1490 0000.
643 1423 773 1489 LXXI
775 1446 786 1504 ‚·
806 1425 888 1490 unde
907 1425 987 1490 miro
1008 1441 1107 1489 errore
1127 1423 1190 1488 uiri
1211 1423 1297 1489 docti
1314 1440 1383 1488 eom
1398 1421 1576 1507 spirensem

443 1535 532 1617 quusi
546 1533 655 1616 Spime
676 1533 830 1616 prodisset
852 1533 1005 1600 dixerunt.
1030 1534 1071 1600 eb
1085 1534 1220 1600 editione
1241 1532 1382 1616 prinoipo
1401 1532 1527 1599 nonnisi
1541 1533 1575 1598 in

443 1643 536 1709 rebus
557 1643 805 1728 orthographicis
825 1643 940 1724 differt,
963 1661 1080 1710 nouum
1100 1643 1231 1710 eoeessit
1249 1643 1331 1708 nihil
1345 1643 1469 1726 prester
1483 1660 1575 1708 men·

444 1752 555 1818 dorum
576 1770 742 1818 numerum
762 1753 1070 1837 typogmphioorum3
1096 1773 1172 1818 nem
1192 1753 1247 1836 qui
1266 1772 1336 1820 eem
1357 1752 1575 1818 eorreotiorem

443 1862 575 1929 laudent
602 1881 776 1946 numquam
805 1862 975 1946 inspexisse
1004 1863 1160 1931 uidentur.
1195 1864 1354 1949 exemplet
1382 1861 1576 1928 bibliothece

343 1995 356 2026 ο
384 1972 692 2040 oevindebenensis
721 1955 862 2039 usserust
887 1975 967 2058 sign.
991 1973 1022 2040 5.
1044 1974 1084 2040 D.
1111 1975 1160 2040 18.
1190 1973 1274 2040 idem
1300 1973 1387 2039 nelet
1411 1973 1451 2039 de
1476 1972 1577 2039 ultore

331 2063 352 2093 ⁸·
415 2083 421 2095 ·
444 2082 723 2163 reomenses,
747 2083 835 2148 ouius
856 2083 889 2148 sn
910 2083 994 2148 eree
1015 2085 1133 2149 enee:
1157 2082 1243 2148 ntes
1261 2083 1395 2150 eamus
1413 2081 1577 2165 ommes

443 2194 512 2259 uiri
521 2191 720 2258 sanctissimi
730 2196 759 2258 et
769 2191 1015 2274 eloquentissimi
1028 2193 1177 2274 epistolas
1190 2193 1386 2260 messem
1399 2193 1577 2275 recognitos

443 2301 550 2368 Imm
565 2301 698 2368 Venetos
704 2299 870 2367 Domiuiei
879 2301 970 2384 fitius
979 2301 1074 2366 sedito
1084 2301 1255 2386 ditipentio
1262 2303 1424 2384 impressit
1440 2301 1578 2368 Venetiis

444 2431 533 2478 oeno
551 2411 669 2477 solutis
684 2411 734 2476 M.
752 2409 869 2477 0000.
883 2410 1087 2476 LXXXIII.
1114 2411 1228 2477 Pridie
1248 2412 1363 2478 Nomos
1381 2410 1575 2477 Decembres.

444 2541 522 2588 nem*
539 2521 659 2587 inedita
682 2539 760 2604 queo
780 2521 871 2586 illem
892 2521 1034 2587 exhibere
1052 2521 1235 2588 fabulentur
1253 2521 1342 2588 nulle
1362 2522 1447 2598 sunt,
1471 2539 1528 2586 neo
1541 2520 1577 2585 in

444 2633 559 2718 ordine!
572 2631 629 2696 ent
645 2631 678 2696 iu
692 2630 857 2714 seripturis
878 2631 1023 2698 editionis
1037 2631 1194 2697 Romenee
1213 2632 1387 2698 leuissimis
1407 2630 1501 2697 rebus
1521 2649 1575 2696 ex·

431 2738 544 2825 'esptis
554 2742 722 2825 quiequam
733 2742 783 2807 est
792 2742 961 2807 mutetnm.
973 2743 1028 2808 sed
1036 2741 1169 2828 siugulis
1178 2741 1322 2824 epistulis
1331 2740 1512 2824 libellisque
1522 2737 1578 2822 qni

443 2852 561 2935 partim
582 2851 738 2917 truotetus
752 2851 873 2935 pertim
886 2870 1041 2918 sermones
1056 2851 1269 2918 insoribuntnr
1282 2851 1454 2917 summarie
1468 2850 1579 2915 breuis

443 2961 690 3045 praemittuntur
722 2960 891 3045 sedemque
920 2961 953 3026 in
982 2961 1124 3027 tebnlem
1153 2962 1280 3028 redeote
1307 2962 1379 3044 post
1407 2961 1578 3044 epistolem

444 3072 669 3139 dedioetoriem
694 3072 728 3140 0.
751 3069 790 3136 de
812 3069 852 3136 P.
868 3071 979 3136 1aeoto
999 3069 1188 3136 Grosoieiio
1210 3071 1578 3152 etsemetipsum

444 3182 603 3266 leguntur,
614 3181 926 3265 posteeHieronymi
939 3182 971 3247 et
980 3182 1136 3248 heetentii
1146 3182 1327 3248 testimonie
1338 3182 1376 3246 do
1384 3180 1417 3247 S.
1426 3178 1579 3265 (typrieno

446 3292 568 3358 edieote
589 3294 672 3358 sunt.
699 3290 857 3375 exemplar
878 3293 1057 3356 esseruetur
1080 3293 1114 3356 in
1135 3291 1325 3357 bibliothece
1345 3289 1578 3356 vindobonensi

446 3405 526 3488 sign
544 3404 595 3470 16.
609 3403 644 3468 h.
659 3405 690 3471 9.
711 3403 840 3469 meionis
863 3403 1014 3468 momenti
1036 3405 1110 3469 sunt
1131 3402 1282 3469 editiones
1302 3404 1382 3468 duee
1403 3422 1428 3468 s.
1444 3400 1467 3466 1.
1489 3402 1522 3466 11
1535 3420 1577 3482 1.,

279 3535 357 3580 erres
368 3536 436 3579 mn-
445 3532 578 3597 querum
589 3532 685 3579 onem
696 3512 780 3579 oiroe
791 3531 908 3578 erenum
921 3512 982 3578 141
985 3513 1004 3576 ‘t
1016 3511 1098 3598 opud
1108 3511 1276 3579 moenum
1282 3512 1397 3578 Kunne
1406 3511 1446 3577 de
1453 3511 1578 3577 Dnder·

293 3601 422 3658 '²¹¹⁸‘”¹''
445 3625 531 3691 stedt
551 3623 831 3708 Memmingonsem
854 3623 1039 3704 impressam
1061 3639 1127 3688 osse
1146 3622 1266 3688 Peneon
1286 3621 1428 3706 (Ammoi.
1451 3626 1516 3703 opp.
1530 3621 1577 3687 IV

447 3732 641 3819 11911401)
657 3735 689 3798 et
699 3733 780 3798 Lud.
790 3731 877 3798 Hein
888 3730 981 3818 (Rep.
997 3731 1504 3818 111.12,2201.5895)111111.
1520 3729 1580 3814 qni

446 3866 515 3912 eem
528 3842 657 3910 eurebet
669 3841 819 3926 epistules
830 3841 1014 3924 libellosque
1024 3841 1111 3908 nullo
1121 3841 1228 3908 ordine
1239 3841 1428 3908 editionibus
1439 3839 1580 3908 exhibite

446 3958 479 4022 in
495 3958 616 4023 eertum
637 3951 793 4036 quendem
807 3952 947 4018 ordinem
961 3951 1100 4036 digerere
1113 3952 1160 4018 ite
1174 3952 1302 4018 oonetus
1318 3952 1376 4031 est,
1402 3952 1440 4017 nt
1454 3951 1579 4018 libellos

366 4113 369 4120 -
447 4066 659 4152 epistulasque
673 4063 807 4130 maiores
817 4055 936 4128 libellis
948 4061 1116 4129 similiores
1125 4081 1221 4145 quem
1232 4060 1377 4146 epistulis
1387 4060 1581 4144 preeoiporet

447 4176 598 4262 epistulae
609 4174 746 4258 reliques
756 4174 801 4241 eis
809 4173 1007 4259 subiungens.
1018 4172 1128 4240 tabule
1135 4173 1519 4257 epistularumpreomisse
1527 4191 1582 4239 ex-

446 4287 695 4371 stetiusoriptio:
707 4284 819 4368 Oeoitij
828 4282 1580 4370 GinmbmiEpieeopieeitapineesisetmortiris
