4012 5066
798 453 969 510 Aduersus
989 455 1132 510 ludaeos
1156 471 1178 510 c.
1199 456 1275 510 6-8,
1547 465 1603 524 1‘41

468 611 631 687 patefactae
645 616 715 674 sunt
735 631 820 674 aures
836 629 933 674 eorum
949 616 978 673 et
994 612 1068 674 oculi
1084 612 1247 672 inluminati
1272 629 1419 674 caecorum
1435 617 1466 675 et
1480 616 1608 676 elocutae

467 714 586 789 linguae
596 715 799 790 inpeditornm‚
812 714 887 777 clodi
895 715 1083 790 prosilierunt
1093 714 1172 775 uelut
1183 716 1246 775 iere
1254 715 1419 776 lasciuions.
1434 719 1464 778 at
1475 716 1609 777 Ghmstue

468 817 630 876 enimcum
651 834 703 878 suo
724 834 813 892 regno
834 819 932 878 eedem
953 819 1049 892 posuit
1064 818 1142 878 illis:
1166 820 1249 893 plebs
1264 823 1362 880 autem
1378 820 1517 880 derelicta
1532 820 1610 879 nuda

469 920 584 979 deserta
608 919 729 979 uiduata
751 936 840 995 regno
865 921 982 980 caelesti
1005 921 1098 995 adque
1111 923 1262 981 terrestri:
1285 940 1352 981 nem
1369 923 1488 982 caelesti
1503 922 1609 983 abiecti

445 1025 552 1081 esunt:
569 1021 716 1082 consecuti
727 1022 823 1082 omnia
835 1022 1028 1082 instrumente
1042 1025 1134 1098 adque
1147 1041 1252 1098 aequae
1267 1025 1459 1097 possederunt
1472 1025 1609 1100 lychnum

467 1127 579 1198 septem
604 1123 745 1185 luminum
769 1127 799 1184 et
824 1125 987 1184 machinam
1009 1125 1177 1184 testamenti
1192 1129 1222 1186 et
1237 1142 1309 1185 uase
1324 1127 1452 1187 hieracia
1468 1130 1499 1186 et
1512 1129 1608 1200 tubas,

467 1229 497 1287 et
512 1227 639 1301 patriam
655 1227 690 1287 do
705 1227 784 1288 caelo
800 1230 830 1286 et
855 1230 963 1287 terrem
990 1231 1121 1287 mnsam
1146 1227 1221 1287 lacto
1244 1230 1276 1289 et
1297 1229 1383 1288 melle
1409 1229 1608 1302 profluentem,

467 1329 522 1388 hee
548 1329 709 1389 hereditate
735 1329 869 1403 puuatne
895 1330 940 1389 est
966 1329 1068 1390 lsrael.
1092 1331 1122 1389 et
1143 1348 1221 1390 nnnc
1247 1330 1403 1390 derelictus
1419 1331 1450 1390 in
1465 1331 1542 1391 omni
1557 1335 1609 1390 tua

467 1435 547 1493 terra
562 1434 625 1493 sine
640 1432 788 1508 alimento,
804 1433 866 1493 sine
881 1432 1001 1494 luminis
1016 1433 1131 1494 auxilio.
1148 1433 1289 1494 auxilinm
1304 1436 1380 1495 enim
1391 1439 1421 1495 et
1431 1435 1608 1510 praesidium

434 1535 644 1594 reinteremisti
669 1537 700 1594 et
725 1534 821 1596 lumen
847 1537 1017 1610 persecutus
1043 1552 1074 1595 es
1097 1540 1126 1596 ot
1141 1539 1331 1610 protectorem
1346 1536 1482 1612 repulisti
1498 1539 1528 1595 et
1543 1553 1609 1595 sue-

467 1655 588 1712 pensum
611 1637 740 1697 edixisti
762 1641 792 1696 et
806 1652 903 1712 regom
919 1636 1111 1711 suspendisti:
1135 1639 1287 1712 propterea
1310 1637 1392 1698 exsul
1414 1655 1447 1699 ee
1462 1639 1498 1698 de
1513 1639 1609 1713 patrie

466 1743 527 1811 tua,
554 1741 672 1800 oberras
688 1739 795 1800 circum
821 1739 951 1814 gentium
974 1739 1101 1812 flumine,
1129 1756 1196 1799 uoce
1219 1740 1343 1814 supplici
1366 1757 1400 1798 ao
1420 1757 1505 1814 prece
1519 1738 1610 1799 flebili

469 1841 583 1901 dicans:
604 1829 754 1915 ‘expulsus
780 1859 844 1902 sum
871 1841 959 1902 miser
985 1842 1019 1900 de
1046 1841 1173 1916 propriis
1198 1841 1317 1901 sedibus
1343 1842 1425 1916 meis,
1451 1843 1559 1915 hospes
1580 1843 1610 1900 et

467 1945 580 2004 eduens
606 1943 702 2004 laotos
728 1961 792 2005 sum
813 1943 925 2004 alienae
941 1943 1132 2017 possessionis
1147 1943 1211 2002 eine
1227 1943 1309 2004 domo
1324 1943 1388 2002 sine
1404 1945 1496 2003 tecto:
1520 1943 1609 2002 mise-

433 2067 457 2105 m
466 2063 530 2108 rere
545 2047 659 2108 deserto
674 2049 704 2108 et
718 2047 806 2121 impio
822 2050 852 2107 et
867 2045 985 2122 indigne
999 2033 1095 2106 nicto’.

511 2167 592 2228 Haeo
610 2183 704 2242 poena
724 2166 755 2227 in
773 2166 866 2227 Israel
893 2168 940 2226 est
961 2168 991 2226 ot
1005 2165 1133 2226 condicio
1149 2166 1178 2224 in
1195 2166 1396 2226 Hierusalem:
1421 2168 1452 2225 et
1466 2165 1524 2226 nisi
1539 2168 1639 2227 ceu-8

470 2269 611 2330 uerterint
634 2271 746 2329 mentes
777 2271 808 2328 et
837 2266 962 2328 dixerint
980 2257 1068 2327 ‘uiuit
1092 2267 1231 2328 Dominus
1262 2267 1291 2326 in
1312 2258 1446 2339 saecule’,
1473 2285 1530 2328 non
1557 2285 1610 2342 po·

469 2374 568 2432 terunt
594 2369 715 2431 introire
741 2371 771 2429 in
792 2369 907 2431 Domini
933 2371 1033 2430 uitam
1056 2369 1132 2429 uiuit
1157 2371 1274 2442 etenim,
1302 2369 1407 2429 uiuunt
1432 2368 1611 2429 hereditates

470 2474 542 2552 eius,
570 2475 600 2533 et
625 2473 702 2534 uiuit
728 2489 813 2548 quern
839 2471 1038 2544 interfecistis,
1065 2472 1153 2546 impia
1176 2472 1370 2543 Hierusalem,
1397 2474 1538 2532 ettamen
1554 2488 1612 2531 non

538 2713 763 2783 iimperitorum
781 2715 809 2767 B
849 2729 853 2740 ¹
896 2713 1019 2767 claudio
1096 2714 1162 2781 ieral
1181 2716 1255 2767 terra
1273 2713 1300 2766 Β
1382 2716 1411 2767 et
1428 2729 1479 2768 oea
1499 2713 1556 2778 Βυ;
1575 2713 1613 2777 cs.

470 2804 531 2861 139.
548 2803 586 2854 20
655 2797 673 2852 3
691 2798 752 2852 illic
767 2797 836 2862 fort.
912 2797 1057 2852 deiolenta
1078 2799 1104 2852 Τ
1176 2798 1305 2852 caelestia
1322 2801 1379 2866 atq.
1397 2798 1537 2852 terrestria
1557 2799 1583 2852 T

470 2901 488 2938 a
505 2884 616 2939 caelesti
634 2903 652 2941 o
727 2885 745 2939 ὁ
762 2885 900 2940 consecuti
917 2885 979 2951 eoq.
1000 2884 1032 2955 Q,
1049 2884 1186 2940 consecuti
1203 2888 1269 2938 sunt
1287 2883 1323 2948 Β,
1341 2884 1469 2939 desdtnti
1492 2883 1580 2940 Oxou

470 2969 563 3026 omnia
584 2971 767 3025 instrumenta
783 2985 835 3024 oua
855 2968 898 3033 Β,
921 2968 995 3022 omui
1018 2969 1200 3022 instrumento
1222 2968 1293 3036 quod
1315 2967 1493 3038 possederunt
1513 2967 1614 3036 lychno

469 3062 519 3111 etc.
542 3055 632 3112 Oenea
701 3053 916 3124 adque-equae
933 3055 1040 3122 scepei,
1058 3053 1118 3122 adq.
1138 3053 1225 3124 BQT,
1243 3069 1340 3122 quaes
1410 3052 1529 3123 lycnium
1543 3051 1613 3124 0¹1}

468 3141 587 3212 lignium
605 3139 708 3210 BMQ‘
796 3139 814 3198 6
832 3142 936 3208 septem
954 3139 972 3192 l.
991 3139 1029 3209 et]
1046 3141 1075 3192 et
1092 3139 1246 3194 machinam
1263 3141 1340 3208 septa
1357 3137 1490 3193 luminum
1509 3137 1580 3199 etQ

469 3227 640 3300 machinae
731 3225 843 3281 beser
935 3224 1041 3295 yoretie
1058 3224 1146 3296 Bor,
1163 3225 1266 3279 nentia
1282 3225 1327 3290 Μ,
1345 3239 1456 3279 aereae
1547 3222 1616 3277 tuba

470 3311 554 3384 Bon
649 3310 811 3380 ipetrinm]
829 3325 961 3381 panemo
1059 3313 1133 3364 terre
1149 3312 1245 3364 sancte
1262 3308 1346 3379 BQT
1441 3309 1485 3362 lac
1502 3307 1584 3378 BQT

469 3398 652 3468 protruentem
673 3397 727 3468 QT
827 3395 929 3451 8heac
947 3395 974 3449 Β
1082 3394 1140 3465 tua]
1158 3410 1208 3449 sue
1227 3395 1268 3466 Qu
1374 3395 1467 3448 tsine
1484 3391 1616 3446 alimento

470 3499 521 3539 om.
541 3484 569 3539 Β
646 3481 778 3537 auxilium
796 3497 847 3536 oea
868 3481 891 3552 Q
970 3480 1005 3534 10
1022 3495 1149 3550 sponsum
1167 3479 1204 3544 Β,
1221 3495 1348 3550 spensam
1367 3479 1399 3544 Q,
1418 3492 1546 3548 sponsum
1563 3492 1581 3530 o

471 3571 503 3624 11
523 3569 560 3639 et]
580 3567 627 3624 aad
648 3568 675 3624 Τ
778 3567 811 3622 12
829 3582 879 3621 sue
899 3566 926 3620 Τ
1027 3565 1154 3620 oberrans
1176 3582 1190 3621 o
1293 3564 1366 3619 circe
1384 3563 1454 3634 Boc
1552 3576 1615 3630 eup-

469 3656 536 3725 plici
554 3669 586 3710 eo
602 3654 710 3724 accipet,
733 3653 897 3722 supplicium
916 3652 977 3718 ΒΤ,
999 3651 1144 3722 suplicium
1163 3650 1195 3722 Q,
1219 3650 1373 3720 supplicum
1391 3667 1409 3705 o
1529 3645 1615 3701 flebili

469 3741 579 3811 eminet,
598 3740 675 3794 fleuit
692 3739 729 3804 B,
750 3738 823 3794 lenit
839 3739 871 3810 Q,
889 3754 940 3793 oet.
960 3737 991 3802 Τ,
1010 3735 1145 3792 fleuistio
1306 3735 1341 3789 13
1358 3735 1441 3789 miser
1458 3750 1510 3789 oen.
1530 3733 1562 3804 Q,
1580 3756 1617 3784 n

471 3827 554 3882 rnieer
573 3827 600 3881 T
726 3826 755 3880 et
772 3840 825 3880 om.
843 3822 872 3877 Β
1005 3822 1039 3878 14
1056 3820 1223 3892 alienigenae
1241 3821 1270 3876 Β
1394 3819 1482 3890 domo]
1500 3807 1554 3874 duo
1572 3817 1618 3882 Μ,

471 3910 551 3966 eo..
570 3911 602 3984 p,
621 3895 686 3966 un}
703 3909 759 3964 ar
895 3910 953 3962 sine
970 3907 1052 3976 eaeo]
1070 3905 1174 3961 reseco
1194 3907 1252 3978 pr,
1275 3907 1300 3960 e
1317 3905 1395 3960 unce
1413 3903 1457 3974 n,·
1472 3905 1541 3970 rore
1559 3907 1617 3960 ens

470 3995 551 4051 domo
568 3995 677 4051 domino
695 4009 754 4050 meo
771 3994 915 4049 interiecto
1036 3991 1132 4047 misere
1152 3991 1176 4062 ρ
1193 3992 1332 4060 (miserere
1350 3990 1398 4058 Μ)
1519 3990 1554 4044 15
1571 3988 1617 4044 de·

472 4082 539 4137 serti
557 4085 586 4137 et
602 4081 682 4150 impii
699 4083 728 4135 et
745 4081 765 4136 i.
783 4081 888 4135 mietio
1011 4079 1046 4134 16
1063 4077 1107 4133 hie
1124 4077 1207 4133 israel
1226 4077 1253 4133 Τ
1372 4081 1402 4130 et
1419 4075 1452 4146 c]
1471 4075 1537 4130 haee
1555 4091 1617 4130 con·

471 4166 578 4221 ueros
700 4166 735 4221 re
751 4166 890 4220 :nanee
1012 4147 1077 4217 ciffi
1095 4162 1123 4217 n
1244 4162 1305 4216 ue
1323 4160 1411 4232 non,
1429 4161 1583 4230 masma

471 4256 501 4306 et
518 4253 618 4306 mount
635 4269 660 4318 o,
678 4254 707 4307 et
724 4251 819 4306 uiuurn
838 4252 875 4314 Β,
892 4250 987 4304 uiuum
1007 4249 1059 4320 QT
1163 4247 1326 4304 hereditatis
1345 4247 1430 4318 apd*
1537 4247 1571 4301 19
1589 4247 1619 4301 et

472 4337 531 4392 eine
549 4339 578 4391 et
596 4337 623 4392 T
734 4335 912 4392 interfecistis
930 4351 980 4389 oea
1002 4336 1027 4387 T
1140 4333 1223 4403 impie
1240 4333 1305 4387 ino
1415 4347 1471 4387 uon
1488 4347 1540 4388 oea.
1559 4331 1586 4386 1*
