4016 5054
407 421 471 488 238
883 413 1066 484 Appendiu.

409 577 517 637 stolus:
548 575 775 648 stipendium
797 573 944 648 peccati
967 589 1062 632 mers
1084 574 1149 632 est.
1182 587 1254 645 quae
1284 571 1381 629 mors?
1404 565 1541 640 corporis,

410 697 495 754 quam
510 679 600 737 solam
625 677 774 736 minitatur
800 679 830 735 et
854 677 961 735 inierre
987 677 1083 748 potest
1107 677 1246 748 tyrannus
1262 673 1369 730 horno?
1400 685 1467 741 non,
1490 669 1540 728 sed

408 799 482 841 mors
493 781 639 855 gehennae
650 797 722 854 quae
734 779 817 838 linem
831 778 931 839 nescit.
951 779 1016 852 plus
1027 779 1124 850 petest
1134 776 1217 835 homo
1228 778 1368 849 tyrannus
1380 790 1465 848 qnam
1477 771 1541 832 dia·

410 882 503 943 holus.
520 883 569 940 ille
585 881 788 955 quedammodo
803 881 882 954 cogit
896 879 1021 940 heminis
1035 881 1177 952 naturam,
1201 877 1248 936 hic
1262 875 1336 934 nihil
1351 873 1430 934 aliud
1445 877 1542 948 potest

408 1001 495 1058 quarn
509 982 679 1042 sollicitare:
703 981 812 1042 deicere
833 998 890 1040 nen
906 983 1002 1055 potest
1016 980 1074 1039 nisi
1089 978 1272 1050 assentiaris,
1295 975 1480 1037 contemsisse
1496 975 1562 1034 ιιι-ι

407 1085 481 1145 cisse
496 1088 550 1144 ost.

363 1184 403 1244 26
456 1187 547 1248 linior
561 1188 657 1260 itaque
672 1186 755 1246 uenia
770 1187 890 1244 debetur
904 1184 1048 1244 Christum
1065 1186 1094 1243 in
1110 1184 1257 1245 tormentis
1278 1183 1434 1256 abneganti
1455 1197 1541 1257 qnam

408 1291 510 1362 sponte
531 1287 702 1348 assentienti
723 1287 856 1360 dacore,
884 1286 932 1346 cui
953 1287 1108 1348 credidisse
1132 1290 1177 1348 eet
1201 1287 1345 1346 Christum
1370 1289 1540 1359 abnegasse.

406 1390 456 1452 ille
471 1392 592 1451 mendax
607 1393 652 1450 est
666 1393 696 1450 et
710 1389 803 1449 omnis
817 1391 958 1450 mendacii
974 1393 1066 1463 pater,
1092 1393 1122 1449 et
1137 1389 1215 1449 illius
1230 1390 1370 1464 promissa
1385 1389 1538 1462 errantum·

406 1509 525 1567 cumque
551 1494 644 1553 fronte
669 1491 854 1551 blandiantur
878 1490 950 1551 nihil
974 1491 1053 1551 alind
1075 1495 1143 1550 sunt
1164 1509 1246 1566 quarn
1262 1492 1436 1567 praestigiae
1450 1491 1574 1566 pelli-re

356 1613 358 1620 ·
408 1595 516 1656 cientes
537 1597 568 1655 in
583 1597 709 1655 exitium.
734 1613 768 1654 ne
784 1595 849 1667 quis
863 1596 958 1669 itaque
974 1595 1016 1654 sio
1032 1594 1087 1652 sihi
1103 1595 1280 1654 blandiatur:
1302 1584 1378 1654 ‘snm
1395 1601 1539 1670 peccator,

408 1799 522 1858 deditus
542 1817 605 1858 sum
628 1799 839 1872 uoluptatibus:
864 1799 915 1857 sed
930 1797 1076 1856 Christum
1098 1815 1154 1856 nen
1170 1782 1330 1870 abnegaui'.
1356 1803 1386 1857 at
1401 1795 1540 1858 reclamat

409 1899 463 1958 tibi
479 1900 616 1960 Dominus
632 1900 708 1974 ipse:
724 1917 791 1960 non
806 1903 911 1974 petes
934 1901 1023 1958 dnos
1045 1899 1204 1958 dominos
1227 1899 1356 1959 celere.
1379 1903 1409 1958 ot
1424 1900 1538 1960 interim

409 2005 507 2063 horres
530 2003 746 2063 abominandum
768 2002 905 2062 turificati
927 2006 980 2062 aut
999 2001 1123 2060 libellati
1139 2019 1312 2076 cognomen,
1339 2003 1398 2076 ipse
1415 2004 1574 2064 demessam

410 2105 558 2164 turificatis
573 2109 623 2164 aut
637 2105 775 2163 libellatis
790 2105 925 2162 deterior.
941 2105 1007 2162 illos
1024 2105 1163 2163 humanus
1178 2109 1270 2163 metus
1286 2105 1437 2163 uiolentior
1451 2121 1539 2179 quam

408 2210 441 2264 ut
455 2206 578 2265 hominis
599 2209 702 2264 natura
730 2207 823 2280 possit
849 2206 960 2264 euincere
975 2224 1009 2263 oo
1025 2207 1179 2278 compulit,
1206 2210 1238 2264 ut
1253 2206 1356 2279 impius
1371 2224 1456 2266 uoces
1471 2223 1538 2279 pro·

409 2312 488 2366 mant
512 2308 612 2382 lingua
637 2311 810 2368 reclamante
836 2308 1028 2367 conscicntia:
1051 2311 1084 2366 tn
1110 2309 1169 2366 tam
1197 2307 1248 2366 nili
1272 2308 1433 2368 mercedula
1455 2309 1538 2369 solli·

408 2408 514 2468 citatus
540 2415 640 2482 sponte
667 2410 764 2468 delicis
790 2411 827 2468 ad
853 2429 934 2480 eum,
961 2411 1081 2469 uouius
1104 2409 1254 2483 tyrannide
1280 2413 1309 2469 to
1333 2410 1464 2469 Christus
1488 2429 1539 2472 suo

408 2511 547 2584 sanguiue
562 2511 696 2571 redemit:
721 2513 801 2572 cuius
818 2512 873 2570 iam
889 2514 967 2570 totns
982 2528 1013 2571 es
1029 2513 1141 2584 factus,
1167 2515 1398 2586 quemadmodum
1414 2515 1458 2572 ait
1472 2531 1538 2586 apo·
1550 2527 1577 2566 ²⁰

407 2612 516 2672 stolus:
550 2615 635 2672 emti
665 2613 761 2672 estis
793 2613 914 2687 pretio
945 2632 1090 2687 magno,
1123 2619 1159 2673 ot
1186 2615 1252 2672 iam
1275 2616 1458 2674 nonestis
1481 2633 1538 2676 ue·

408 2715 490 2774 stri.
514 2716 598 2774 hunius
620 2715 753 2775 militiam
774 2715 922 2788 professus
939 2733 970 2774 cs
985 2717 1021 2774 ad
1037 2716 1164 2776 salutare
1179 2715 1333 2788 lauacrum‚
1351 2717 1419 2776 huic
1434 2717 1540 2778 dedisti

408 2834 519 2888 nomen,
535 2817 621 2876 huius
636 2817 821 2876 sacramentis
837 2818 971 2876 initiatus
986 2835 1027 2888 es,
1053 2819 1188 2892 accepisti
1211 2819 1375 2879 donatiuum
1391 2823 1421 2878 et
1436 2820 1541 2895 pignus

407 2919 538 2992 spiritus,
561 2920 686 2992 nequid
708 2919 856 2977 dubitares
878 2918 913 2977 de
938 2919 1079 2992 premisso
1103 2920 1252 2994 stipendio,
1269 2919 1411 2994 simulque
1427 2921 1540 2982 diabolo

406 3020 583 3080 denuntiasti
608 3025 760 3092 perpetuas
782 3020 958 3093 inimicitias,
988 3022 1161 3081 renunciasti
1186 3022 1316 3080 omnibus
1332 3023 1410 3080 illius
1428 3025 1575 3096 pompina

406 3140 440 3182 ac
455 3122 662 3196 uoluptatibus,
687 3119 859 3194 exsufflasti,
887 3123 1059 3196 exsibilasti,
1088 3124 1189 3184 iurasti
1207 3124 1236 3183 in
1253 3126 1340 3184 uerba
1355 3126 1540 3188 redemtoris:

409 3241 528 3299 cumque
544 3228 588 3284 tot
604 3225 684 3284 uitiis
700 3226 822 3297 seruies,
846 3224 901 3285 tibi
917 3227 1013 3299 places
1029 3227 1103 3299 quod
1118 3227 1241 3286 nondum
1257 3228 1297 3286 sis
1312 3228 1474 3288 terrificatus
1491 3233 1542 3288 aut

408 3325 565 3386 libellatus.

354 3424 394 3482 27
448 3427 478 3486 Si
501 3428 565 3501 quie
591 3428 673 3486 miles
699 3428 810 3488 iuratus
832 3428 863 3487 in
890 3430 979 3489 uerba
994 3430 1125 3490 Caesaris
1140 3431 1303 3506 profugeret
1320 3433 1356 3490 ad
1373 3431 1495 3492 Turcam
1512 3434 1542 3492 et

406 3547 441 3588 ex
465 3530 543 3588 illius
567 3531 684 3590 arbitrio
705 3530 814 3592 faceret
832 3550 868 3592 ea
884 3549 957 3607 qnae
973 3533 1060 3592 sciret
1076 3533 1270 3606 ingratissima
1285 3533 1416 3606 Caesari,
1447 3551 1575 3598 necuere

405 3634 624 3706 comprehensus
646 3635 681 3693 cd
704 3633 878 3708 supplicium
904 3639 1054 3708 raperetur
1069 3639 1103 3694 nt
1125 3637 1261 3708 desertor,
1289 3641 1321 3695 ut
1336 3637 1479 3710 periurus,
1508 3643 1540 3698 ut

404 3735 550 3809 perfuga?
579 3736 644 3810 qnia
669 3741 764 3796 autern
791 3737 906 3797 audiret
930 3755 994 3797 sum
1020 3738 1063 3796 ite
1093 3755 1124 3796 se
1156 3737 1353 3800 defendentem
1380 3727 1449 3800 ‘nou
1475 3759 1539 3801 sum

405 3837 549 3909 desertor,
572 3856 629 3898 non
650 3838 792 3913 abnegaui
816 3825 987 3900 Caesarem'.
1014 3857 1109 3899 annon
1131 3857 1194 3900 mox
1215 3842 1327 3900 audiret
1355 3832 1436 3915 ‘quid
1451 3842 1540 3904 refert

407 3937 432 3998 si
447 3939 548 4014 lingua
561 3941 672 4002 uenite
695 3941 802 4016 reipsa
816 3942 982 4017 abnegasti,
998 3946 1028 4002 et
1049 3943 1198 4018 plusquam
1219 3943 1383 4019 abnegasti,
1409 3945 1459 4019 qui
1481 3965 1537 4006 nou

406 4041 498 4102 solum
522 4043 680 4103 desemeris
702 4043 851 4116 militiam,
875 4061 975 4104 uerum
989 4046 1076 4104 etiam
1092 4046 1128 4106 ad
1144 4050 1295 4122 tyrannum
1310 4051 1340 4106 et
1355 4049 1466 4106 hostem
1482 4049 1535 4108 in·
1546 4065 1570 4103 ru

475 4286 489 4336 l
509 4285 584 4339 Rom.
603 4287 629 4350 6,
646 4286 687 4341 23,
794 4289 825 4340 14
843 4287 943 4342 nanu.
962 4289 988 4357 6,
1005 4289 1048 4343 24.
1160 4291 1190 4342 21
1213 4290 1225 4342 l
1245 4291 1304 4344 Cor.
1322 4290 1347 4354 6,
1366 4289 1408 4342 20.
