4016 5054
687 489 733 543 De
749 486 885 556 duplici
903 487 1068 557 martyrio
1087 503 1109 542 c.
1128 487 1223 541 8-10.
1456 487 1519 552 227

382 663 439 722 qus
456 647 545 707 etiam
561 647 591 706 in
606 647 708 707 malis:
723 645 766 705 ita
780 646 977 706 testimonium
992 645 1073 704 illius
1089 645 1295 720 quodammodo
1310 647 1522 706 consummatur

383 749 550 810 testimonio
566 753 739 822 sanatorum,
757 749 838 822 quasi
854 750 894 808 art
910 765 966 808 urna
981 749 1077 823 passio
1093 747 1209 806 Domini
1224 749 1253 806 ot
1268 763 1424 808 seruorum.
1440 746 1471 806 id
1484 763 1521 806 ns

384 852 449 926 quis
465 852 613 911 existimet
629 868 731 924 pamm
747 850 881 925 religioso
897 850 1024 918 dietum,
1051 851 1155 908 beatus
1170 849 1278 908 Paulus
1299 847 1382 910 nobie
1397 849 1520 922 petroni·

384 957 472 1014 natnr
486 955 530 1014 ita
545 953 675 1014 scribens
692 953 729 1012 sd
745 953 944 1014 colossensest
968 952 1026 1028 qui
1042 969 1136 1013 nuno
1157 953 1298 1028 gaudeo
1321 953 1356 1010 in
1379 952 1521 1025 passio·

362 1055 717 1130 onibusprouobie,
748 1055 1143 1129 stadimplooeaquas
1165 1053 1521 1128 desuntpaseionum

383 1157 527 1219 christi
542 1159 579 1218 in
594 1175 702 1218 earne
717 1175 871 1232 meapro
885 1173 1037 1231 eorpore
1052 1156 1143 1230 eins,
1166 1156 1261 1230 quod
1277 1155 1521 1216 esteoelesia.

384 1262 451 1334 quis
466 1262 544 1321 enim
558 1261 661 1333 noscit,
678 1262 793 1332 fratres,
819 1278 905 1335 quam
920 1262 1036 1318 uberum
1063 1261 1235 1332 prouentum
1261 1259 1362 1318 alludit
1385 1257 1523 1319 eooleeiae

384 1380 479 1438 seges,
507 1364 702 1438 apostolorum
725 1381 760 1424 aa
784 1365 942 1423 ceterorum
956 1365 1115 1436 martyrum
1132 1360 1273 1435 sangnine
1298 1360 1441 1436 irrigata?
1468 1377 1524 1436 quo

384 1465 452 1540 plns
466 1465 617 1540 sanguinis
632 1467 752 1525 effusum
765 1468 819 1538 eet,
835 1467 889 1524 hoo
904 1465 995 1538 magis
1010 1464 1137 1522 effloruit
1149 1463 1304 1523 multitudo
1318 1463 1455 1536 fidelium,
1469 1465 1523 1524 boo

350 1583 376 1620 ro
386 1566 476 1626 latius
491 1567 601 1640 sparsit
615 1584 683 1626 suas
697 1566 870 1641 propagines
885 1566 937 1625 illu
952 1567 1038 1626 beate
1053 1566 1122 1624 uitis
1138 1564 1286 1624 aChristo
1301 1565 1391 1638 stirps
1402 1581 1524 1639 surgons

384 1671 413 1727 st
428 1684 571 1741 oooupans
586 1670 682 1730 orbem
705 1668 870 1730 uniuersum
897 1684 1074 1743 qrreoumquo
1088 1670 1173 1741 patet
1198 1667 1236 1728 ab
1260 1667 1371 1727 oriente
1398 1670 1435 1727 ad
1449 1667 1525 1727 oeoi·

385 1771 511 1842 denmm,
527 1771 564 1828 ab
581 1770 713 1845 aquilone
728 1787 818 1844 usque
834 1770 870 1829 ad
887 1773 1025 1830 austrum.

428 1874 518 1943 Eece,
545 1873 651 1932 fratres
678 1871 875 1944 dilectissimi,
900 1889 919 1930 a
944 1871 1061 1930 Domini
1075 1871 1247 1931 redemtoris
1261 1870 1440 1945 temporibus
1454 1870 1523 1930 anni
1536 1869 1576 1926 10

388 1974 532 2034 fluxerunt
546 1975 613 2048 plus
626 1962 721 2034 minus
734 1974 850 2034 donanti
861 1973 1069 2048 quadraginta,
1086 1974 1200 2047 iamque
1214 1971 1302 2032 buius
1313 1972 1383 2032 uitis
1389 1973 1523 2046 palmites

352 2092 377 2129 m
387 2092 478 2150 paone
494 2076 583 2136 latius
599 2093 630 2135 ss
645 2076 814 2150 sparserunt
841 2091 925 2148 quam
942 2075 1100 2134 Romanum
1116 2073 1284 2150 imperium,
1309 2074 1410 2136 efferas
1436 2074 1524 2134 etiam

388 2179 520 2238 nationes
535 2185 631 2238 musto
659 2178 782 2250 spiritus
798 2177 975 2237 inebriantes
1003 2181 1033 2236 et
1060 2194 1133 2250 quos
1158 2177 1240 2237 nulla
1266 2177 1334 2237 isrri
1351 2177 1396 2237 nie
1411 2179 1525 2238 domare

386 2280 491 2354 potuit,
507 2279 618 2339 emollit
633 2279 752 2354 sangnis
767 2278 846 2338 illius
861 2278 929 2352 agni
944 2278 1069 2339 eandidi.
1096 2279 1146 2352 qni
1172 2282 1292 2339 naturae
1315 2295 1419 2339 oausam
1444 2296 1525 2338 seru·

387 2385 499 2452 tantm,
526 2383 645 2441 manent
660 2383 841 2440 manantem
857 2380 953 2439 nullae
968 2380 1100 2454 chalybis
1122 2381 1240 2441 duritiei
1254 2382 1400 2441 oedentem
1415 2381 1526 2440 hiroino

389 2483 530 2558 sanguine
546 2487 720 2543 maceratum
735 2483 796 2541 iotu
811 2483 979 2542 malleorum
995 2482 1137 2541 dissilire:
1164 2484 1262 2542 nullus
1289 2485 1383 2543 autom
1411 2485 1526 2542 mamas

351 2587 472 2645 eororde
487 2602 573 2645 saxeo
589 2587 767 2658 peecatorum
783 2585 891 2645 durior.
917 2587 970 2644 hoo
998 2583 1088 2657 igitur
1102 2601 1151 2643 eor
1177 2585 1311 2656 ferreum,
1334 2603 1382 2646 eor
1397 2601 1524 2655 sarsum,

386 2703 436 2745 eor
447 2685 610 2759 plusquam
622 2686 836 2744 adamantinum
848 2686 958 2744 emollit
969 2685 1088 2758 sanguis
1099 2685 1208 2744 Christi
1220 2689 1250 2746 et
1261 2686 1347 2745 huius
1358 2689 1526 2761 martyrum,

387 2786 438 2860 qui
456 2787 628 2860 supplerunt
643 2787 719 2861 quod
735 2787 814 2845 illius
829 2786 1011 2860 passionibus
1025 2788 1133 2845 deerat.
1150 2789 1204 2847 boo
1219 2790 1386 2860 argumento
1401 2803 1527 2846 summus

388 2887 440 2947 ille
456 2893 558 2962 pastor
574 2893 603 2948 et
617 2893 650 2948 ut
664 2890 768 2950 Petrus
791 2889 833 2948 ait
847 2889 981 2962 prinoops
996 2891 1143 2962 pastorum
1164 2887 1340 2948 testilieetus
1359 2891 1405 2949 est
1419 2905 1450 2948 ss
1465 2906 1527 2948 esse

388 2993 534 3063 pastorem
549 2993 670 3063 bonum,
698 2992 766 3065 qnia
781 2993 905 3050 animam
920 3007 1001 3048 suram
1026 2992 1123 3065 posuit
1138 3007 1190 3064 pro
1205 2990 1316 3063 ouibus,
1337 2991 1419 3049 nobis
1433 3007 1529 3050 exem-

355 3113 380 3151 ιι
389 3092 469 3167 plum
484 3095 641 3168 praebens,
670 3096 702 3152 ut
717 3094 766 3168 qui
794 3111 844 3166 pro
871 3095 969 3152 nostra
984 3091 1185 3165 quslioumqno
1207 3093 1340 3166 portione
1355 3093 1434 3151 rrioes
1449 3091 1528 3151 illius

388 3196 534 3269 gerimus,
550 3196 644 3269 parati
661 3195 752 3255 simus
764 3198 794 3254 et
810 3195 865 3268 ipsi
881 3212 933 3268 pro
955 3211 1043 3268 grego
1058 3193 1200 3255 dominioo
1215 3194 1383 3269 sanguinem
1399 3195 1528 3265 lundors,

390 3297 447 3356 nisi
463 3297 606 3358 malumus
622 3298 713 3356 uideri
736 3295 905 3357 mercenarii
927 3313 1012 3371 quam
1036 3299 1179 3369 pastores.
1207 3297 1316 3358 domini
1338 3296 1434 3357 uerbis
1459 3313 1528 3358 eon·

389 3404 500 3472 gruum
515 3400 604 3459 uerba
618 3400 761 3473 disoipnli.
783 3417 847 3459 enm
864 3398 938 3458 onim
955 3398 1078 3458 dixisset
1091 3415 1122 3458 so
1137 3398 1263 3472 gaudere
1285 3399 1315 3457 in
1336 3398 1528 3473 passionibus,
1618 3383 1620 3386 ⁵

390 3500 495 3574 quibus
511 3505 723 3561 consummaret
738 3500 887 3574 passiones
903 3500 1023 3594 wristi,
1039 3499 1204 3574 perpetiens
1218 3503 1249 3560 et
1271 3501 1333 3575 ipse
1348 3517 1398 3573 pro
1413 3516 1529 3574 serpere

357 3621 382 3658 uo
392 3602 511 3675 christi,
528 3605 604 3677 quod
620 3607 665 3664 eet
681 3603 812 3674 ecelesia,
829 3603 926 3676 qualia
941 3619 1044 3676 passus
1060 3604 1122 3661 erat
1129 3601 1279 3675 Dominus,
1295 3618 1410 3663 esumm
1425 3601 1531 3662 adiecit

392 3720 444 3763 eur
458 3721 493 3765 ea
505 3705 630 3766 libenter
644 3707 800 3780 patoretur.
830 3705 952 3778 euius,
984 3704 1088 3778 inquit,
1120 3704 1245 3764 laetus
1274 3720 1339 3778 ego
1368 3721 1443 3764 sum
1469 3704 1530 3764 mi·

391 3806 517 3868 nister
547 3810 746 3867 seeundum
780 3807 1097 3881 dispensationem
1121 3807 1205 3879 Dei,
1235 3822 1327 3881 quae
1356 3807 1441 3865 data
1475 3809 1532 3865 ost

392 3909 483 3968 milri
513 3909 550 3968 in
580 3910 703 3982 uobis,
730 3912 769 3970 ut
797 3910 969 3983 impleam
1000 3910 1150 3969 uerbum
1173 3909 1246 3968 Dei.
1280 3907 1385 3968 etalio
1407 3908 1528 3983 quodam

392 4011 423 4068 in
437 4012 501 4071 loeo
517 4013 619 4082 eeribit
630 4029 661 4072 so
673 4012 829 4088 repleuisse
846 4009 1038 4086 euangelium.
1056 4011 1131 4071 siout
1142 4028 1212 4086 orgo
1222 4011 1363 4072 mortibus
1375 4014 1531 4086 martyrum

359 4135 383 4172 us
394 4118 627 4176 consummantur
642 4115 790 4189 passiones
806 4114 924 4186 Christi,
940 4114 982 4172 itu
996 4115 1137 4189 sanguine
1158 4119 1306 4189 pastorum
1327 4113 1533 4173 confirmantur

464 4368 482 4422 4
500 4369 557 4424 Col.
576 4370 601 4432 1,
618 4368 663 4423 24.
769 4369 802 4422 31
821 4368 879 4430 Col.
899 4369 924 4431 1,
941 4368 984 4420 ‘tiu
1310 4449 1328 4488 *

1255 4455 1295 4514 15
