4016 5054
644 445 689 500 De
706 445 962 514 singularitute
985 445 1186 501 elericorum
1214 462 1235 500 c.
1255 445 1367 500 17-19.
1512 447 1574 514 193

435 607 466 664 et
479 603 579 680 palme
593 602 731 678 psuieetu,
762 604 797 662 nt
811 617 847 664 ex
862 602 938 663 omni
952 603 1035 677 purte
1058 619 1152 664 meum
1168 620 1225 664 nou
1240 603 1348 664 habeut
1362 603 1437 678 quod
1451 607 1573 677 recuset,

435 723 471 768 ne
486 707 562 781 qnod
576 704 731 780 profitetur
744 705 841 766 edisse
855 707 978 766 tenendo
993 705 1126 766 uidsetur
1141 722 1248 766 sunere.

479 808 559 879 Quod
571 808 597 867 si
608 806 715 881 uliquis
727 807 798 868 dicit
814 795 973 882 ‘captiuum
989 810 1072 868 tenso
1087 807 1286 868 sduerssrinm
1297 825 1393 868 meum
1404 809 1450 869 eui
1461 825 1573 884 semper
1584 807 1624 868 18

435 894 594 981 insultsm',
620 909 720 968 uidest
733 926 769 969 ne
784 909 859 970 rorte
873 911 1012 971 eunomus
1026 926 1092 970 enm
1113 910 1247 984 captiuus
1261 909 1384 985 incipiat
1396 911 1571 985 praeualere.

413 1024 590 1087 enumquam
605 1027 724 1072 securus
740 1029 805 1072 oum
820 1013 957 1073 thsssnro
972 1011 1048 1073 lutro
1063 1015 1178 1074 tenetur
1192 1014 1323 1074 inelusus
1333 1030 1387 1074 uso
1397 1013 1475 1072 intre
1486 1031 1573 1074 unum

435 1130 554 1174 oensem
575 1113 711 1172 habitans
727 1129 792 1172 eum
806 1113 875 1188 lupo
889 1117 972 1173 tutus
987 1118 1034 1174 est
1047 1131 1151 1189 ugnus.
1178 1115 1242 1188 ipss
1268 1131 1299 1174 se
1320 1113 1414 1174 noluit
1427 1114 1574 1188 penetrari

434 1216 485 1291 qui
500 1215 614 1274 hostem
636 1215 783 1290 proprium
803 1214 834 1274 in
849 1232 918 1275 suss
939 1217 1040 1290 portus
1052 1215 1177 1290 induxit,
1199 1219 1230 1276 et
1250 1215 1421 1276 intestinum
1444 1216 1574 1292 gladium

435 1317 492 1377 sibi
507 1318 569 1393 ipse
585 1318 738 1392 supposuit
752 1318 803 1392 qui
817 1318 912 1378 losum
927 1319 1117 1378 hubitstiouis
1133 1335 1204 1378 suse
1218 1319 1379 1378 udusrssrii
1393 1316 1573 1393 ingressibus

435 1422 586 1496 reserauit,
617 1424 648 1481 et
677 1421 727 1495 qui
756 1420 850 1481 fretus
874 1425 920 1481 est
941 1422 1105 1482 conuersuri
1134 1439 1199 1482 euru
1229 1421 1364 1482 souudulo
1394 1421 1456 1482 sins
1486 1437 1574 1480 muse

400 1542 427 1582 rs
435 1523 506 1584 dicit
533 1513 666 1599 ‘psoutus
688 1523 754 1583 uolo
776 1539 839 1584 esse
862 1540 926 1583 cum
948 1513 1068 1584 diubolo'
1096 1527 1197 1585 eontra
1226 1525 1389 1600 apostolum
1414 1525 1572 1584 dieeuwmz

434 1626 561 1687 uolits
582 1625 705 1686 losum
728 1627 816 1686 dere
838 1623 998 1686 disbolo.
1020 1625 1097 1685 omni
1123 1643 1192 1701 orgo
1217 1628 1301 1687 modo
1328 1626 1499 1686 muniendus
1526 1629 1573 1684 est

433 1728 526 1802 locus,
541 1727 591 1787 ubi
606 1726 697 1787 fuerit
710 1729 864 1788 thesaurus
879 1726 1076 1800 absconditus,
1093 1745 1129 1787 ns
1146 1744 1299 1801 perunum
1315 1744 1465 1787 osueruum
1480 1729 1573 1788 totum

433 1830 574 1906 parietem
591 1830 669 1890 iutro
686 1829 831 1889 suffodiet.
853 1846 919 1888 nunu
935 1829 962 1888 si
977 1829 1085 1889 deforis
1100 1845 1270 1904 expugnans
1284 1831 1333 1889 uix
1349 1830 1439 1889 muris
1453 1829 1574 1905 expelli·

433 1935 491 2006 tur,
520 1932 660 2005 quantum
674 1931 785 1991 uslebit
799 1930 826 1990 si
841 1930 920 1990 intre
933 1946 1032 1991 muros
1047 1931 1193 2004 soeepsrit
1207 1929 1426 1992 hubimeulurni
1442 1935 1472 1992 et
1487 1931 1513 1991 si
1528 1931 1572 1991 ilii

400 2054 425 2094 rs
435 2033 486 2110 qni
501 2037 602 2094 oontrs
617 2050 681 2092 euru
697 2031 836 2093 elsndunt
851 2033 1026 2106 aliquotiens
1041 2033 1078 2092 sb
1094 2033 1193 2093 sodern
1209 2034 1372 2108 sapiuntur,
1387 2037 1495 2107 quanto
1509 2051 1572 2092 ms·

434 2137 482 2212 gis
497 2136 547 2196 illo
569 2135 619 2210 qni
634 2135 785 2195 ultroneus
800 2133 847 2194 illi
869 2134 1009 2209 pstsieoit
1023 2134 1203 2210 ingressum,
1228 2151 1294 2195 oum
1320 2133 1399 2196 diost
1423 2135 1571 2196 Salomon:

436 2240 468 2300 si
497 2239 623 2299 iustus
644 2237 707 2297 uix
729 2239 859 2297 saluus
881 2236 945 2309 iit,
973 2239 1148 2311 pedester
1170 2241 1207 2297 et
1228 2237 1366 2312 impius
1388 2237 1449 2296 ubi
1471 2254 1571 2312 pure-

434 2341 516 2400 bit?
540 2355 638 2400 omues
654 2355 722 2412 ergo
736 2339 845 2410 rimae,
870 2355 929 2399 non
944 2338 1037 2398 dioern
1051 2341 1152 2411 portse
1167 2339 1343 2398 claudendus
1357 2341 1444 2410 sunt,
1471 2355 1507 2397 ue
1521 2355 1573 2413 psr

433 2459 522 2502 unum
536 2441 665 2500 ioremsu
681 2441 777 2500 eastre
790 2439 887 2500 omniu
900 2442 1099 2515 psnetrsutur,
1115 2443 1145 2500 et
1160 2439 1298 2500 unuerss
1309 2441 1493 2515 eonponeuds
1504 2443 1572 2500 sunt

397 2543 626 2614 umunments,
656 2559 693 2602 ne
707 2559 759 2615 per
774 2543 915 2603 modicum
938 2559 994 2601 non
1016 2542 1159 2602 munitum
1180 2545 1243 2602 tots
1265 2541 1369 2601 diuites
1382 2543 1466 2613 rust,
1497 2540 1572 2601 siout

431 2645 564 2706 Salomon
578 2645 685 2719 repetit
700 2645 814 2704 diosus:
834 2645 895 2717 qui
917 2644 1063 2719 spernit
1078 2645 1240 2716 modies,
1255 2642 1439 2719 psulstiru
1453 2643 1570 2703 sudet.

474 2747 581 2820 Stupeo
606 2748 704 2806 sutem
730 2745 932 2820 peruersitstis
950 2747 1036 2805 hnirn
1051 2747 1183 2818 arbitrio,
1210 2749 1244 2806 ut
1270 2763 1288 2806 s
1314 2745 1427 2806 elsriois
1441 2747 1479 2806 ed
1493 2748 1622 2806 eom-19

431 2848 602 2909 munitatem
615 2847 725 2907 femine
739 2847 833 2922 magis
848 2863 933 2923 quum
961 2849 1105 2908 niesonlus
1131 2847 1265 2922 eligutur.
1293 2849 1432 2922 nmquid
1458 2851 1571 2908 tentum

431 2949 536 3010 mulier
550 2948 649 3009 utilior
664 2951 711 3009 est
725 2949 881 3010 eommodis
898 2947 1007 3022 elerici,
1030 2951 1170 3024 qnantum
1184 2949 1303 3024 prodest
1317 2949 1462 3009 musenius
1478 2950 1572 3010 conti·

395 3069 422 3112 ss
432 3068 505 3112 nens
519 3049 567 3110 uei
581 3066 654 3126 puer
668 3051 794 3111 musoulo
809 3050 990 3112 continenti?
1017 3055 1068 3111 sut
1083 3051 1148 3126 ipss
1162 3051 1218 3110 erit
1232 3051 1335 3111 doeens
1350 3050 1465 3110 utilitas
1486 3067 1571 3124 quum

430 3151 564 3211 iudseens
580 3151 769 3210 communitus
780 3149 872 3210 feeit?
888 3153 919 3209 et
929 3151 979 3209 ubi
995 3151 1052 3211 erit
1067 3151 1143 3224 quod
1154 3151 1288 3210 Salomon
1303 3150 1361 3211 uit:
1377 3167 1481 3210 omne
1496 3151 1571 3211 sni-

501 3364 726 3434 nmen
919 3365 1174 3431 nfflmmu
1360 3365 1571 3433 nmen

430 3451 657 3516 suun
1672 3457 1673 3462 ¹

502 3647 518 3700 1
537 3647 565 3700 et
587 3644 647 3701 Os.
665 3645 684 3700 1.
771 3645 789 3698 2
807 3644 967 3712 profiteatur
991 3646 1024 3700 0¹
1117 3645 1237 3714 dintrs]
1257 3645 1373 3701 intrudi
1458 3647 1475 3699 6
1493 3661 1571 3715 pene-

430 3730 499 3783 trsri
518 3729 549 3794 0,
566 3730 721 3798 supereris
829 3729 847 3781 8
864 3727 1021 3799 sdnsrssrii]
1040 3728 1162 3783 aduersis
1180 3729 1204 3785 C
1306 3731 1324 3784 9
1341 3745 1422 3784 essse
1439 3745 1493 3784 uon
1516 3729 1540 3786 0

431 3814 467 3869 10
483 3829 542 3868 esse
560 3813 656 3869 noloo
812 3813 846 3867 14
863 3813 948 3882 intre]
967 3814 1040 3868 inirs
1061 3815 1085 3871 0
1239 3815 1275 3870 15
1292 3831 1353 3870 sum
1371 3831 1407 3871 ex
1423 3831 1498 3870 reum
1516 3815 1540 3872 0

430 3899 593 3954 elenduntnr
609 3898 676 3964 sort.
771 3899 807 3956 16
826 3899 985 3968 patefecerit
1002 3917 1020 3954 o
1105 3894 1268 3970 ingressum]
1286 3900 1420 3971 decipitur
1438 3901 1503 3956 add.
1520 3919 1538 3956 o

431 3985 464 4038 17
482 3985 606 4054 pedester
624 3986 652 4038 et
670 3983 769 4054 impius
787 3985 818 4050 0,
835 3984 953 4039 iniustus
971 4001 987 4039 o
1058 3985 1091 4041 18
1107 4001 1162 4040 non
1181 3985 1212 4050 0,
1229 4002 1263 4040 ue
1280 4003 1312 4056 o,·
1330 3986 1368 4052 es.
1383 4003 1414 4056 p.
1428 3991 1490 4052 186,
1504 3991 1539 4043 13

431 4070 466 4125 19
482 4070 610 4124 nuineres
627 4085 690 4140 ergo
708 4086 724 4125 u
849 4071 887 4124 10
902 4071 1040 4125 minutum
1059 4071 1094 4127 0¹
1222 4071 1257 4126 11
1275 4074 1370 4143 stupeo
1388 4073 1418 4138 0,
1437 4072 1528 4128 studio
1545 4091 1570 4138 o,

431 4155 464 4209 iit
480 4153 573 4209 studio
596 4153 687 4210 owe.
803 4155 884 4208 huius
902 4156 1125 4224 peruersitstiso
1231 4157 1361 4216 ¹arbitrio
1379 4157 1410 4221 0,
1427 4156 1571 4212 arbitrium

430 4239 477 4294 set
494 4239 647 4294 urbitroro
819 4239 856 4294 15
872 4237 983 4294 utilitas
1001 4255 1028 4309 q.
1047 4239 1172 4298 iudsosns
1190 4241 1254 4298 odd.
1274 4242 1298 4298 0
1315 4258 1348 4296 m.
1366 4245 1386 4298 2
1401 4242 1433 4296 in
1449 4259 1536 4312 story.

393 4365 402 4376 .
431 4324 466 4379 16
483 4325 572 4378 omnis
594 4325 617 4381 0

537 4429 580 4478 111
595 4430 618 4476 s
1324 4420 1363 4479 13
