4012 5056
801 409 850 465 De
866 409 1088 482 Spectaculis
1110 425 1133 466 c.
1151 409 1229 466 5-7.
1570 411 1592 478 9

438 566 470 626 in
484 567 562 628 illud
575 567 696 642 pudoris
711 567 822 644 publici
836 567 1029 646 lupanarium,
1050 571 1089 632 ad
1102 569 1308 632 obscoenitatis
1321 571 1533 646 magisterium,
1553 585 1591 630 ne

439 670 510 744 quid
529 672 642 731 secreto
664 671 762 731 miuus
783 675 889 746 agatur
908 689 995 747 quem
1016 675 1092 748 quod
1112 675 1144 734 in
1163 675 1279 748 publico
1301 674 1441 735 discitur:
1463 678 1494 735 et
1514 674 1592 735 inter

438 771 520 848 ipsas
544 770 626 848 leges
651 772 769 833 docetur
794 773 931 849 quicquid
956 775 1071 851 legibus
1097 775 1293 836 interdicitur.
1316 775 1387 850 quid
1414 775 1492 836 inter
1516 777 1588 836 haec

440 872 618 934 emmenum
636 873 731 936 fidelis
751 875 823 936 facit
844 877 890 938 cui
909 878 984 938 uitia
1002 895 1061 938 non
1080 876 1149 938 licet
1171 894 1224 938 nec
1243 878 1384 954 cogitare,
1404 878 1475 954 quid
1490 876 1587 938 oblec-

416 979 522 1042 atatur
545 978 710 1040 simulacris
729 977 878 1054 libidinis,
904 984 939 1041 ut
960 982 990 1042 in
1012 982 1086 1056 ipsis
1106 981 1238 1056 deposita
1257 980 1431 1042 uerecundia
1452 979 1588 1040 audacior

436 1079 489 1141 dat
509 1080 547 1140 ad
570 1080 711 1142 cumina?
733 1082 821 1142 discit
839 1086 871 1144 et
892 1083 987 1144 iacere
1007 1086 1076 1145 dnm
1095 1083 1259 1145 consuescit
1273 1084 1384 1144 uidere.
1405 1081 1474 1142 illas
1489 1084 1587 1142 tumen

437 1199 510 1259 quas
543 1181 703 1244 infelicitas
734 1203 788 1245 sua
819 1185 851 1245 in
887 1188 1057 1248 seruitutem
1092 1187 1244 1261 prostituit
1278 1185 1413 1246 libidinis
1452 1183 1586 1260 publicae

437 1283 563 1346 occultat
585 1283 667 1346 locus
692 1288 723 1346 et
747 1287 871 1349 dedecus
891 1305 974 1349 snum
989 1290 1026 1350 ds
1040 1289 1162 1350 latebris
1186 1287 1390 1349 consolantur:
1413 1287 1587 1348 erubescunt

437 1385 530 1447 uideri
544 1386 634 1448 etiam
648 1405 722 1461 quae
736 1389 874 1464 pudorem
888 1391 1088 1451 uendiderunt.
1111 1393 1144 1452 at
1158 1391 1237 1451 istud
1252 1390 1401 1466 publicum
1426 1390 1588 1449 monstrum

403 1487 571 1549 roomuibus
596 1489 766 1550 uidentibus
788 1492 901 1565 geritur
926 1495 956 1552 et
980 1493 1201 1567 prostitutarum
1227 1492 1371 1552 transitur
1384 1489 1585 1550 obscoenitas:

437 1590 603 1667 quaesitum
629 1593 675 1652 eet
708 1595 848 1667 quomodo
880 1594 1053 1656 molanum
1078 1611 1114 1654 cx
1144 1593 1478 1655 oculis'admitteretur.
1518 1590 1586 1652 huic

437 1693 571 1754 dedecori
596 1693 770 1768 condignum
801 1696 926 1760 dedecus
951 1695 1162 1770 superducitur,
1197 1695 1283 1756 homo
1316 1695 1428 1754 fractus
1454 1693 1586 1754 omnibus

437 1795 574 1855 membris
600 1797 631 1856 at
655 1795 704 1856 uir
729 1793 808 1856 ultre
833 1796 1003 1857 muliebrem
1030 1796 1182 1858 mollitiem
1202 1796 1378 1869 dissolutus,
1406 1796 1453 1856 cui
1474 1812 1523 1856 ere
1547 1795 1588 1856 ait

436 1897 527 1957 uerba
548 1897 681 1956 manibus
702 1898 851 1972 expedire:
876 1901 906 1958 et
926 1901 1043 1974 propter
1070 1915 1158 1958 unum
1183 1899 1388 1972 nescioquem
1408 1914 1462 1958 neo
1488 1897 1584 1956 uirum

404 2013 493 2058 unse
511 1996 649 2058 feminam
667 2000 861 2060 commonetur
884 1999 990 2060 simias
1011 2003 1074 2060 tota
1095 2001 1129 2060 ut
1143 2000 1324 2060 desaltentur
1338 1998 1488 2059 salmossa
1503 1997 1582 2058 anti-

437 2098 583 2173 quitatum
597 2098 745 2161 libidines.
767 2101 811 2161 ita
826 2104 938 2162 ametur
952 2101 1091 2176 quicquid
1104 2119 1162 2162 non
1175 2101 1246 2163 licet
1260 2104 1294 2163 ut
1309 2117 1383 2176 quae
1399 2100 1487 2160 etiarn
1502 2100 1585 2159 astes

436 2200 635 2274 absconderat,
651 2201 707 2262 sub
722 2201 823 2263 oculos
838 2203 975 2263 memoria
989 2204 1117 2264 reducat.

478 2301 546 2364 Non
567 2304 614 2364 est
632 2301 749 2362 libidini
768 2303 841 2363 satis
862 2301 948 2364 maiis
969 2304 1030 2364 auia
1050 2303 1094 2363 uti
1117 2304 1335 2378 praesentibus,
1363 2301 1422 2362 nisi
1441 2319 1526 2364 mum
1547 2302 1614 2368 de'i

436 2404 601 2479 spectaculo
620 2403 732 2465 soient
744 2403 776 2464 in
791 2405 945 2478 quostiam
959 2408 1040 2466 aetas
1055 2406 1185 2480 superior
1199 2408 1355 2466 emanarat.
1371 2403 1520 2476 nonlicet,
1536 2403 1582 2464 in·

401 2522 536 2582 coquam,
556 2507 658 2566 adesse
673 2505 841 2568 chmstiania
856 2506 1000 2578 fidelibus,
1021 2523 1079 2566 non
1097 2507 1167 2568 licat
1187 2508 1301 2568 omuino
1316 2523 1369 2568 noo
1383 2505 1446 2566 illis
1460 2523 1532 2580 quos
1546 2506 1584 2567 ad

434 2609 636 2698 delinimenta·
649 2607 762 2667 aurium
781 2609 819 2668 sd
839 2625 937 2669 omnes
961 2607 1067 2684 ubique
1089 2610 1209 2671 Graecis
1233 2611 1392 2670 instructos
1414 2609 1478 2668 suis
1500 2608 1584 2668 uanis

436 2709 550 2770 artibus
573 2708 675 2769 mittit.
699 2709 852 2785 clangores
873 2711 960 2770 tubes
982 2711 1101 2771 bellicos
1122 2711 1199 2771 ulter
1218 2711 1350 2771 imitatur
1369 2727 1482 2780 raucos,
1509 2709 1584 2769 alter

431 2811 574 2887 lugubres
594 2828 681 2872 sonos
702 2811 809 2886 spiritu
829 2811 932 2873 tibiam
945 2795 1065 2874 inflante
1083 2813 1258 2886 moderatur,
1273 2813 1348 2872 alter
1362 2829 1426 2872 cum
1442 2810 1539 2872 eboris
1555 2811 1585 2870 st

506 3011 523 3065 1
547 3010 577 3064 in
594 3009 614 3063 i.
632 3023 659 3078 p.
682 3007 854 3078 publicisne,
876 3007 936 3064 illic
959 3008 993 3064 ad
1015 3008 1144 3078 pudorem
1168 3009 1309 3079 publicum
1328 3010 1370 3065 Za
1508 3008 1586 3080 lapse

434 3109 534 3150 nerum
552 3095 586 3158 Ζ,
603 3093 743 3162 lupanaris
761 3093 827 3148 Bal.
931 3095 949 3148 2
967 3093 1039 3162 quod
1056 3109 1107 3148 oea.
1127 3094 1155 3147 Ζ
1267 3095 1286 3149 3
1303 3094 1376 3148 inter
1392 3094 1515 3164 bosc1hic
1527 3095 1554 3148 Ζ

434 3179 541 3236 discit
557 3177 645 3234 fidelis
664 3177 839 3245 (christianus
855 3181 919 3248 oea)
930 3179 958 3233 Ζ
1059 3179 1117 3249 nec]
1134 3193 1190 3233 non
1203 3179 1232 3234 Ζ
1332 3177 1501 3249 blibidinis]
1520 3177 1587 3247 qnid

436 3262 569 3335 prospicit
586 3261 713 3317 libidines
731 3263 758 3317 Ζ
878 3264 895 3318 6
912 3266 940 3317 at
957 3278 1007 3318 oea
1025 3280 1062 3332 sp
1187 3263 1287 3318 illusa
1415 3263 1486 3318 'lad
1502 3263 1586 3318 wrci-

435 3353 524 3406 tutem
540 3365 583 3414 ra,
600 3364 650 3404 oen.
669 3349 698 3404 Ζ
800 3348 944 3419 prostituit
961 3365 1007 3418 sp,
1025 3349 1140 3404 inseruit
1158 3353 1187 3403 st
1203 3349 1354 3417 prostrauit
1372 3350 1415 3404 Ze
1519 3347 1586 3403 libi·

433 3435 509 3492 dinis
527 3450 553 3504 p.
572 3449 598 3492 o.
616 3434 691 3489 loona
708 3449 753 3504 sp,
770 3431 899 3489 libidines
916 3433 1038 3502 publicas
1056 3434 1195 3489 occultant
1212 3433 1294 3489 belna
1317 3433 1362 3489 uel
1374 3435 1417 3488 Ze
1436 3435 1495 3490 cisi
1511 3434 1587 3503 quod

437 3520 518 3576 belua
534 3520 581 3576 uel
598 3534 679 3576 occo
777 3518 796 3574 8
813 3518 926 3574 latebris
943 3535 1022 3574 mr
1126 3519 1160 3574 10
1177 3519 1292 3590 geritur]
1311 3519 1480 3575 concurritur
1491 3519 1518 3574 Ζ

435 3606 682 3676 prostitutommr
786 3607 819 3660 11
838 3605 981 3675 quomodo]
1000 3591 1053 3673 quo
1070 3624 1091 3675 p
1195 3621 1227 3660 ex
1243 3620 1295 3661 ose.
1313 3606 1358 3662 Ze
1461 3605 1496 3659 12
1512 3619 1587 3660 cnm·

437 3689 590 3762 dignump
702 3688 806 3744 farctus
826 3693 859 3758 μ’
970 3690 1161 3746 remunerem
1179 3691 1205 3744 Ζ
1320 3690 1469 3746 mollitiam
1485 3691 1532 3758 Ζμ

438 3777 831 3845 amsitccarsetpm
905 3776 1099 3830 netem
1168 3775 1418 3849 ldetiammz
1486 3773 1586 3830 lieb-

437 3859 546 3917 scoudit
557 3861 584 3917 Z
653 3859 745 3917 oeulos
763 3860 873 3928 scripsi,
891 3860 991 3915 occulis
1002 3861 1037 3925 Z,
1054 3860 1193 3915 oculorum
1204 3875 1260 3931 spo
1337 3861 1496 3915 memoriam
1508 3860 1551 3914 Ze

435 3945 633 4003 redamare
732 3945 767 4000 18
783 3943 908 4000 libidinis
923 3962 961 4015 sp
1060 3945 1117 4000 anie
1135 3961 1222 4001 mres·
1319 3945 1409 4015 mum]
1427 3960 1506 4000 osum
1525 3946 1551 3998 Ζ

440 4035 475 4089 19
491 4034 578 4089 iaciat
595 4034 638 4089 Ze
734 4033 820 4102 estas]
839 4034 868 4087 ct
885 4048 902 4089 a
918 4049 955 4103 sp
1050 4031 1270 4102 superioribnar
1355 4032 1391 4086 21
1408 4031 1587 4087 delinimenta

439 4119 555 4189 surium]
578 4118 713 4174 elementa
735 4116 844 4173 surium
865 4116 1067 4189 rambulandus
1090 4132 1168 4172 aures
1189 4117 1223 4181 Ζ,
1241 4116 1442 4172 oblectamenta
1458 4132 1517 4173 aa

437 4203 473 4260 aa
489 4203 558 4260 uec
573 4221 612 4276 ep
721 4203 758 4260 aa
774 4205 808 4258 ue
823 4187 995 4274 ruguetoea
1102 4203 1174 4259 coo
1191 4218 1237 4273 ψ,
1253 4201 1338 4259 uene
1356 4203 1382 4258 2
1494 4202 1586 4259 mosa

438 4291 512 4345 mur
530 4289 557 4344 Ζ
659 4288 750 4346 choris
767 4292 796 4345 et
813 4305 876 4344 cam
893 4304 943 4346 ose.
962 4289 988 4343 2
