4000 5066
869 495 1060 563 Epistulae.
1467 501 1531 563 273

502 753 556 812 111.
581 751 799 814 uYPfflAuvs
820 754 936 814 PLEBI
959 755 1167 816 CARTAGINI
1191 755 1438 815 uouslsuuuul

637 873 850 932 AETERNAM
871 874 914 932 IN
936 874 1084 934 DOMINO
1110 875 1297 935 SALVTEM.

447 1041 569 1122 Gratias
590 1063 705 1135 quidem
725 1063 838 1137 agimm
853 1064 912 1123 Deo
927 1062 1002 1136 patri
1017 1067 1047 1123 et
1061 1063 1182 1123 Domino
1195 1064 1262 1123 Iesu
1278 1063 1403 1136 Christe,
1419 1065 1469 1138 qui
1485 1082 1535 1124 rios

406 1165 546 1224 adunatos
562 1167 648 1237 atque
665 1166 694 1223 in
710 1166 910 1225 conuentionis
925 1167 1062 1227 restitnit.
1086 1169 1304 1241 propterquam
1320 1183 1381 1226 rem
1396 1185 1534 1227 momoru-

383 1266 502 1325 ruimus
517 1270 546 1326 et
561 1268 700 1341 scriptum
716 1269 944 1328 beatissimorum
959 1273 1118 1344 martyrum
1132 1274 1220 1344 etque
1235 1269 1429 1329 confessorum
1442 1270 1538 1328 nolui-

406 1385 472 1428 mus
486 1371 523 1427 ad
537 1369 687 1429 eonsssinm
700 1373 832 1430 nostrum
846 1388 971 1431 seruare.
987 1372 1067 1430 iubet
1082 1374 1206 1446 desuper
1220 1371 1360 1432 maiestas
1374 1375 1461 1446 etque
1478 1371 1538 1444 spi-

406 1469 481 1530 ritus
496 1473 623 1543 sanctus,
636 1473 718 1532 euius
728 1474 760 1532 in
771 1473 853 1532 nobis
867 1475 965 1548 gratia
978 1475 1063 1533 tostis
1078 1476 1124 1533 est
1138 1473 1285 1532 salutarie.
1301 1491 1369 1532 nam
1384 1490 1447 1531 curn
1462 1476 1540 1532 trac-

407 1576 485 1632 taret
499 1573 534 1631 de
549 1574 752 1648 traditoribus,
767 1576 848 1635 iubet
865 1579 923 1635 tam
944 1576 975 1635 in
997 1576 1148 1650 euangelio
1171 1593 1256 1648 quam
1271 1575 1302 1634 in
1317 1575 1464 1648 apostolo,
1480 1577 1539 1634 tam

409 1675 440 1732 in
455 1675 576 1747 psalmis
603 1693 689 1750 quam
715 1677 747 1735 in
772 1679 921 1750 prophetis
943 1681 973 1736 et
996 1677 1102 1737 ceteris
1116 1677 1284 1751 scripturis:
1310 1675 1539 1736 scrutamini.

374 1795 399 1834 ro
409 1795 465 1852 quo
480 1782 607 1838 scrutato
623 1797 641 1838 a
655 1779 748 1851 nobis,
761 1779 887 1840 inuentis
902 1784 939 1840 ab
951 1781 987 1840 iis
999 1781 1049 1855 qni
1064 1779 1224 1854 scripturas
1234 1783 1350 1838 sanctos
1361 1779 1542 1838 tradiderunt

408 1897 465 1940 non
481 1881 583 1940 mereri
595 1899 644 1942 ees
657 1883 792 1954 congredi
804 1883 955 1942 consilinm
969 1885 1108 1955 nostrum,
1124 1882 1154 1941 id
1175 1884 1222 1940 cst
1236 1881 1386 1941 consilium
1401 1881 1540 1939 salutare.

409 1998 490 2042 nemo
517 1986 562 2042 ost
588 1983 664 2042 onim
691 1985 740 2057 qui
766 1985 821 2043 hoc
844 1985 994 2044 consilium
1017 1985 1219 2058 congrediatur
1240 2012 1302 2046 ee*
1316 1999 1374 2041 non
1390 1981 1542 2042 caelestem

411 2084 531 2157 spectat.
547 2101 581 2143 ec
595 2089 746 2158 propterea
761 2087 981 2146 memorauimus
995 2089 1029 2146 ut
1044 2086 1065 2144 ii
1080 2086 1130 2161 qui
1144 2085 1245 2145 taliter
1259 2086 1418 2158 scripturas
1434 2087 1542 2143 naeu-

411 2189 515 2246 uerunt
529 2189 565 2246 ed
580 2190 687 2247 statum
703 2189 797 2262 plebis
811 2193 841 2249 et
853 2190 989 2249 iudicium
1004 2191 1040 2250 ab
1055 2190 1127 2263 ipsis
1141 2191 1303 2263 porrectum
1319 2215 1357 2249 a*
1380 2204 1433 2246 nec
1447 2187 1544 2259 aliqua

376 2311 403 2350 ro
413 2289 489 2348 actio
504 2290 541 2348 ab
557 2289 630 2363 ipsis
645 2291 746 2368 promi,
770 2291 821 2350 sed
842 2307 895 2350 nec
910 2292 997 2350 etiam
1012 2293 1048 2350 ad
1063 2293 1172 2350 statum
1193 2290 1327 2350 sacrificii
1343 2305 1436 2364 neque
1450 2289 1543 2361 plebis

411 2406 476 2450 csse
491 2391 627 2465 proximi:
644 2392 749 2465 qrribns
761 2392 860 2467 utique
873 2393 930 2452 iam
945 2395 1050 2452 dudum
1066 2393 1204 2453 derelicta
1217 2392 1300 2466 plebe
1310 2391 1421 2450 nudata
1430 2390 1544 2461 utana,

415 2497 545 2566 promote.
559 2494 707 2554 sacrificia.
723 2496 825 2555 memte
834 2497 905 2554 liaeo
916 2497 1106 2555 memorantes
1117 2511 1182 2553 cum
1194 2493 1339 2552 moestitia
1350 2494 1436 2566 atque
1448 2491 1545 2549 doloro

416 2595 505 2653 animi
520 2596 618 2668 profici
634 2598 709 2656 toste
724 2598 761 2655 ad
773 2597 926 2656 Dominum
941 2597 1018 2672 quod
1033 2595 1183 2656 debuimus
1206 2599 1350 2655 statuere:
1374 2593 1423 2668 qui
1449 2611 1546 2654 omnes

415 2697 640 2770 disceptationes
656 2696 687 2758 et
701 2699 893 2759 dissensiones
907 2702 937 2759 et
961 2701 1096 2759 haereses
1118 2702 1148 2758 ct
1170 2699 1308 2758 scandala
1328 2697 1393 2756 ansi
1408 2701 1490 2757 amnt
1511 2715 1547 2756 ue

380 2816 408 2856 so
417 2797 538 2858 ulterius
553 2803 708 2873 prouocent
722 2803 759 2860 ad
780 2819 811 2861 se
826 2803 955 2862 homines
970 2821 1020 2862 son
1036 2803 1130 2861 minus
1152 2801 1208 2860 fide
1231 2799 1447 2872 conscripturis
1469 2801 1547 2858 leues

417 2900 478 2959 sint
492 2905 522 2959 et
537 2900 668 2973 lectores,
685 2902 715 2960 id
731 2903 885 2962 statuimus
901 2908 988 2978 atque
1011 2905 1120 2962 statuto
1135 2906 1233 2962 nostro
1250 2902 1343 2962 recedi
1358 2902 1499 2971 nolumus,
1514 2903 1548 2959 ut

417 3002 509 3076 siqm
524 3003 646 3062 tradidit
660 3005 841 3077 praepositus
862 3004 931 3065 huic
952 3004 1031 3078 plebi
1053 3007 1218 3064 mereantur
1241 3004 1403 3063 metistitem
1424 3002 1546 3062 admini-

419 3105 559 3164 strantem
570 3105 658 3164 alteri
678 3123 711 3164 ac
722 3122 838 3181 corpore
850 3107 971 3182 integro.
988 3108 1024 3166 iis
1040 3125 1107 3166 uere
1118 3107 1257 3166 iussimus
1268 3125 1286 3165 a
1297 3107 1401 3180 quibus
1417 3108 1447 3164 et
1459 3106 1548 3164 sacri-

417 3205 512 3265 ficium
538 3207 633 3266 offerri
660 3208 799 3268 iubemus.
823 3211 924 3270 merito
940 3211 1099 3283 praeceptis
1125 3211 1162 3269 iis
1184 3209 1376 3282 obtemperari
1398 3208 1483 3267 debet
1497 3223 1549 3266 nec

383 3329 409 3370 a
420 3305 499 3366 eliud
515 3307 565 3367 fiet
580 3325 665 3382 quam
682 3309 782 3369 statim
805 3311 970 3385 euangelica
984 3328 1039 3371 uox
1055 3313 1167 3372 sincera
1180 3315 1246 3372 ceta
1260 3312 1396 3372 loannem
1411 3309 1547 3383 loquitur.

486 3507 557 3561 910.
577 3513 602 3570 τ’),
620 3509 662 3561 39.

488 3698 575 3767 Epist.
594 3700 646 3753 111.
662 3700 764 3769 Incipit
782 3702 815 3755 ad
833 3702 938 3771 plebem
956 3702 1113 3771 Cartaginie
1132 3703 1164 3755 Ζ.
1191 3731 1226 3742 -
1252 3701 1287 3754 10
1309 3699 1428 3753 inuentis
1445 3697 1480 3751 ab
1497 3697 1551 3750 hiis

420 3781 454 3850 Z,
472 3783 570 3837 minuti
594 3801 686 3838 surmus
704 3785 747 3838 his
769 3786 845 3851 sort,
871 3789 1012 3841 inuentum
1037 3790 1079 3841 est
1101 3787 1136 3841 ab
1153 3788 1188 3840 iis
1206 3787 1277 3841 ecrit
1294 3784 1435 3839 Betucius
1452 3784 1502 3850 qui
1518 3798 1554 3835 cx

419 3866 512 3923 codiee
534 3868 664 3924 Praenes·
688 3871 862 3928 brtiiotdccae
891 3873 1061 3928 Goibeotc'noc
1083 3874 1114 3940 (i.
1138 3888 1161 3926 c.
1185 3873 1222 3938 Z)
1240 3872 1352 3938 primur
1374 3867 1462 3924 edido
1483 3868 1555 3920 leone

420 3954 567 4021 mutulam
637 3957 669 4010 11
688 3957 807 4012 salutaro
819 3959 852 4022 Z,
869 3957 994 4012 habituro
1005 3959 1069 4012 Bal.
1140 3959 1175 4012 12
1191 3956 1380 4026 congrediatur
1396 3955 1467 4010 cont
1481 3953 1553 4013 unu..

419 4039 619 4096 condreaturZ
628 4043 946 4113 amnonipseindiooc
1028 4046 1061 4100 14
1070 4045 1157 4112 pluro
1167 4043 1373 4098 interciderunt
1451 4039 1484 4093 16
1496 4037 1554 4106 qui·

419 4125 471 4182 irns
487 4129 596 4196 scripsi,
614 4129 662 4196 qui
680 4129 707 4182 Ζ
795 4131 829 4184 17
846 4135 967 4200 promotu
983 4132 1091 4198 scripsi,
1110 4135 1233 4198 prompta
1251 4131 1277 4182 Z
1353 4125 1492 4193 morinus]
1510 4123 1555 4176 dc·

422 4213 591 4284 reliquerunt
608 4214 769 4270 addendum
787 4231 843 4271 csse
860 4225 947 4270 censet
965 4215 1029 4270 aar.
1117 4217 1151 4271 18
1169 4215 1225 4284 qui]
1244 4230 1324 4283 quem
1344 4215 1370 4268 Ζ
1449 4211 1482 4264 19
1500 4209 1555 4263 dis·

422 4302 559 4355 sanctones
576 4301 604 4354 Ζ
694 4303 754 4356 ansi
773 4307 851 4356 crant
868 4303 975 4371 scripsi,
994 4304 1121 4357 auserunt
1139 4301 1184 4364 2¹,
1202 4296 1520 4354 transamundi.

421 4385 454 4440 21
474 4387 565 4457 atque]
584 4390 667 4456 atque
685 4388 834 4442 statuimus
852 4391 933 4457 atque
951 4388 977 4441 Ζ
1079 4389 1115 4442 23
1131 4387 1186 4441 hiis
1203 4387 1230 4440 Z
1245 4394 1277 4440 ut
1294 4385 1362 4440 sotct

525 4493 564 4540 111
580 4494 602 4538 n
1309 4477 1348 4536 18
