4012 5056
417 465 546 516 LXXXI]

417 601 603 668 multisnon
613 603 726 685 posset,
743 623 816 669 enm
826 604 1017 671 omissurum
1031 603 1129 672 inisse
1139 623 1202 671 non
1212 607 1387 688 putendum
1403 605 1459 672 est.
1476 605 1558 671 Tur-

416 712 515 778 nebus
526 711 816 796 epistulaGarolnm
829 733 945 781 nonum
956 715 1129 782 ntnxorem
1141 715 1403 798 liberosquaqnos
1414 715 1558 782 doetissi-

416 841 490 890 mns
503 823 717 910 typographus
731 824 839 909 inopes
852 825 1033 909 reliquisset
1047 826 1190 893 edinaret
1205 827 1293 892 enixe
1303 827 1446 909 precatus
1459 827 1496 892 de
1507 826 1558 892 his

416 933 511 1000 rebus
530 935 692 1018 disputare
712 936 895 1019 supersedit,
917 955 975 1004 nec
995 937 1162 1019 quiequam
1184 937 1265 1002 alius
1275 937 1313 1002 in
1327 937 1407 1002 hanc
1426 956 1493 1003 rem
1507 937 1558 1004 in·

418 1044 606 1127 quirendum
614 1047 1086 1131 esseputanit3qnodeiiaotnm
1096 1021 1559 1130 essetpmximieditoreshanc

419 1141 595 1222 editionem
610 1173 671 1222 non
685 1156 733 1222 ita
747 1157 967 1242 neglexissent
988 1157 1209 1244 integritatem
1229 1158 1297 1224 eius
1311 1158 1397 1224 solus
1411 1157 1555 1224 Pruden-

406 1264 484 1331 tius
495 1265 645 1334 Marcum
660 1269 744 1334 recte
758 1267 942 1334 aestimauit
953 1268 987 1334 in
998 1268 1188 1334 Balarianee
1202 1268 1350 1334 editionis
1364 1268 1556 1353 praefatione

338 1357 574 1442 ἰιιιιιιι
600 1376 696 1442 uec
716 1377 1274 1458 mammaemammal,
1298 1397 1593 1462 quomam.

416 1485 456 1550 ιἰι
468 1486 669 1568 soquentedue
688 1487 880 1552 catonum
900 1492 1028 1553 mutato
1046 1489 1191 1571 fueram,
1211 1508 1284 1556 σιιιιι
1304 1489 1461 1555 codtostus
1481 1508 1557 1555 nass.

418 1596 584 1662 consentit.
607 1597 658 1660 illi
678 1597 761 1662 enim
783 1597 1016 1664 recentissimos
1036 1597 1158 1664 codices
1178 1601 1388 1682 respexerunt,
1408 1599 1558 1666 ldorelins

419 1703 455 1771 in
479 1704 659 1791 digerendis
682 1709 715 1773 et
736 1707 937 1774 emendandis
963 1708 1109 1791 operibus
1134 1709 1324 1775 uetustiores
1348 1711 1474 1776 secutus
1500 1711 1558 1776 cst

420 1816 516 1899 atque
551 1817 679 1883 libellos
714 1818 860 1884 undecim
894 1819 1022 1902 primos,
1058 1820 1193 1885 insertas
1229 1819 1274 1886 eis
1308 1819 1460 1903 epistulas
1493 1823 1558 1887 tres

421 1923 486 2010 (37.
510 1925 563 1993 38.
589 1927 654 2008 10),
677 1927 844 1994 Prudentii
869 1947 979 1995 uersus
1000 1930 1033 1995 et
1051 1947 1178 1996 carmen
1202 1927 1350 2005 Qualiter
1374 1932 1558 1994 eneconem

419 2041 602 2118 mononem
613 2038 775 2120 Cypriam
786 2039 916 2120 sperare·
923 2038 1138 2105 Pantaleom's
1151 2045 1206 2107 etc.
1221 2058 1258 2106 ex
1271 2040 1375 2106 codice
1385 2039 1558 2107 Parisiensi

423 2146 507 2211 1647
523 2148 564 2212 d.
581 2147 646 2234 (Ρ),
668 2149 801 2214 alteram
822 2167 951 2233 operum
965 2151 1088 2233 partem
1103 2150 1178 2216 inde
1193 2150 1233 2216 ab
1247 2151 1385 2234 epistula
1399 2152 1444 2218 60
1456 2171 1556 2234 nsque

421 2256 461 2322 ad
482 2259 502 2322 7
525 2277 562 2324 ex
577 2257 815 2356 Compendiensi
836 2259 889 2346 (n)
910 2261 1081 2326 immutato
1104 2261 1169 2327 iore
1190 2262 1306 2341 ordina,
1332 2264 1415 2328 inter
1436 2262 1558 2345 reliqua

421 2366 574 2449 epistulae
589 2367 721 2434 rariores
734 2369 827 2451 atque
842 2387 921 2451 qnae
934 2371 1073 2437 nondum
1088 2371 1174 2436 edita
1187 2371 1277 2437 erent
1290 2371 1323 2436 et
1337 2371 1488 2454 epistulas
1502 2372 1555 2438 21.

419 2476 473 2542 22.
489 2476 509 2542 8
525 2477 558 2542 et
572 2479 721 2560 opuscula
735 2479 841 2562 spuria
855 2480 993 2564 quinque
1008 2500 1045 2546 ex
1065 2481 1170 2548 codice
1184 2481 1285 2548 Paris.
1303 2482 1397 2559 1648,
1419 2482 1558 2548 carmina

421 2605 459 2652 ex
469 2586 575 2653 codice
584 2587 742 2654 Victorino
752 2589 818 2655 380
828 2590 1061 2656 accuratissime
1072 2590 1239 2674 descripsit
1250 2592 1283 2657 et
1294 2590 1480 2657 emendanit.
1496 2591 1560 2656 ita·

225 2695 227 2704 '
337 2713 340 2722 ·
421 2696 666 2778 queldoreliana
679 2699 1092 2803 reliquastemintegritate
1106 2702 1338 2783 superatquam
1353 2701 1561 2766 recentiorum

315 2872 318 2877 .
422 2806 565 2873 codicum
599 2809 796 2893 plebeculam
826 2811 865 2876 ab
894 2811 1122 2877 uetustioribus
1151 2811 1272 2876 ιιίιιιιιι
1300 2811 1439 2895 superari
1467 2828 1562 2893 snpra

423 2919 674 2986 demonstratum
688 2921 746 2986 est.
1080 2991 1082 2996 ,

449 3027 630 3111 vOptimam
650 3029 774 3095 Moralii
795 3029 963 3096 editionem
984 3030 1122 3112 pessima
1136 3029 1272 3094 Pemelii
1292 3032 1400 3095 secuta
1421 3032 1478 3095 est.
1504 3030 1559 3112 qni

288 3127 323 3158 ⁸³²
369 3127 405 3158 ¹¹⁸·
423 3155 496 3205 cum
517 3142 681 3224 conplures
701 3157 797 3206 annos
818 3140 883 3207 iam
903 3139 979 3207 huic
998 3139 1044 3205 rei
1060 3157 1187 3223 operam
1200 3140 1356 3218 necasset,
1377 3138 1562 3204 Manutiana

423 3251 457 3317 et
481 3251 654 3318 Moraliena
684 3253 792 3318 eodem
817 3252 882 3318 fera
906 3253 1047 3334 tempore
1076 3251 1218 3335 numetis
1247 3249 1382 3316 maxime
1408 3249 1561 3316 incitatus

423 3358 571 3446 Cypriani
586 3379 678 3443 opera
692 3361 897 3444 Antwarpiae
912 3360 1013 3426 edidit
1028 3381 1055 3426 a.
1075 3361 1176 3438 15683
1196 3378 1257 3443 qua
1270 3361 1305 3425 in
1318 3379 1352 3425 re
1367 3359 1400 3426 id
1415 3359 1560 3443 inprimis

301 3565 304 3572 .
423 3472 485 3538 sibi
505 3474 667 3556 proposuit
681 3475 719 3540 ut
738 3473 889 3557 epistulas
904 3473 1083 3555 temporum
1097 3470 1299 3555 potissimum
1314 3469 1425 3536 habita
1439 3471 1560 3536 ratione

423 3601 460 3650 eo
474 3583 583 3649 ordine
597 3601 657 3665 qno
672 3603 692 3650 a
706 3581 860 3668 Cypriane
875 3583 1011 3667 scriptae
1025 3583 1211 3665 acceptaeua
1224 3580 1370 3660 fuissent,
1392 3581 1559 3648 exhiberet.

422 3691 570 3759 distinxit
594 3693 696 3760 tomos
721 3695 785 3760 tras
812 3711 946 3776 quorum
969 3693 1093 3776 primns
1120 3693 1273 3776 epistulas
1298 3691 1501 3774 amplectitur
1526 3691 1560 3756 in

421 3803 528 3887 plures
557 3803 670 3871 classes
700 3803 829 3871 diuisae.
858 3803 993 3888 primam
1025 3803 1223 3872 constituunt
1249 3801 1422 3884 Epistulae
1449 3803 1579 3894 streties¹

420 3933 444 3979 n
468 3913 623 3996 tentione
652 3912 813 3997 Cypriani
840 3914 1052 3995 wascrtptcc:
1079 3916 1103 3997 †
1127 3912 1255 3980 Donati
1284 3913 1328 3978 ad
1355 3911 1557 3994 Cypriacam

424 4024 520 4110 (App.
533 4023 656 4110 2723),
672 4023 832 4108 Cypriam
846 4025 890 4090 ad
900 4023 1079 4104 Domum,
1094 4025 1125 4091 8.
1141 4027 1172 4092 0.
1188 4025 1219 4090 5.
1237 4024 1287 4089 14.
1304 4025 1354 4089 13.
1373 4025 1422 4090 11.
1440 4023 1490 4089 10.
1508 4024 1559 4090 16.

426 4136 476 4202 15.
501 4137 551 4202 17.
576 4136 627 4202 18.
652 4137 702 4204 19.
723 4137 774 4202 20.
796 4137 848 4203 37.
870 4137 923 4203 23.
944 4136 997 4204 26.
1020 4137 1073 4202 24.
1089 4136 1142 4202 20.
1160 4136 1214 4222 21.
1231 4135 1285 4201 22.
1299 4134 1353 4201 27.
1368 4135 1420 4202 29.
1437 4134 1490 4201 28.
1507 4135 1562 4202 31.

424 4248 476 4314 33.
499 4247 552 4313 34.
573 4249 625 4316 35.
647 4250 699 4315 36.
721 4249 773 4315 30.
794 4249 846 4314 32.
867 4249 920 4315 38.
941 4249 994 4315 39.
1015 4249 1069 4314 40.
1086 4250 1116 4314 7.
1134 4247 1185 4313 12.
1205 4247 1258 4312 41.
1274 4247 1327 4312 42.
1342 4247 1402 4324 43;
1427 4246 1560 4312 altarem

424 4356 590 4442 Epe‘stolac
604 4360 741 4443 capno
754 4360 810 4428 set
820 4359 1013 4444 pontificata
1028 4357 1173 4428 Oorocte'e'
1186 4363 1215 4424 et
1230 4357 1344 4424 Leecii:
1368 4357 1421 4424 44.
1436 4357 1489 4423 45.
1504 4357 1558 4423 47.
