4016 5054
426 347 488 408 200
897 335 1084 408 Appendir.

426 498 557 558 doctores
574 497 734 573 aooepimus
748 495 854 568 eunoti,
869 495 920 556 sed
934 511 988 570 ego
1002 497 1141 556 adderem
1155 509 1206 554 eos
1221 494 1362 580 contendo
1376 493 1426 568 qui
1440 491 1557 566 oupien·

427 603 472 660 tes
494 601 530 660 ad
545 599 622 660 mala
636 617 689 660 sua
701 598 840 659 bonorum
861 596 998 657 historias
1013 596 1170 671 deprauare
1196 595 1290 671 legem
1318 595 1376 654 sibi
1401 593 1557 656 ιιιιιιιιιι

428 702 591 775 suffragari,
606 701 682 760 siout
696 715 795 760 omnes
809 699 860 772 qui
875 697 969 773 perire
983 698 1132 770 festinent,
1146 699 1180 756 ut
1194 697 1248 757 sub
1263 697 1384 758 obtentu
1395 698 1558 756 sanotorum

427 803 567 862 dedecora
581 819 635 862 sua
649 799 741 861 uelint
755 816 820 862 esse
834 799 945 873 uelata,
968 801 1001 858 ut
1015 799 1069 859 snb
1084 797 1246 860 imitatione
1260 799 1400 858 maiorum
1415 793 1560 857 mntraria

429 921 557 980 quaeque
587 903 782 965 committunt:
819 920 891 978 quos
919 902 1030 963 Paulus
1055 901 1203 978 apostolus
1232 899 1328 977 prodit
1364 902 1395 959 et
1429 896 1578 974 publieate

425 1006 540 1066 disens:
562 1005 655 1080 qnod
677 1009 798 1065 sutem
817 1004 930 1078 laeio,
953 1007 988 1064 et
1008 1003 1179 1064 lauturus
1200 1019 1289 1075 snm,
1318 1003 1358 1061 ιι
1379 1002 1559 1074 amputem

424 1108 651 1168 occasionem
696 1123 819 1168 eorum
858 1105 919 1182 qui
958 1106 1092 1166 uolunt
1133 1106 1386 1176 oeossionem,
1440 1104 1480 1162 ut
1521 1101 1558 1162 in

426 1225 465 1269 oo
501 1210 538 1269 in
574 1225 642 1284 quo
677 1210 894 1284 gloriantur
928 1207 1027 1269 talos
1063 1206 1306 1268 inueniuntur
1333 1205 1462 1282 qualos
1493 1222 1559 1266 nos

425 1328 557 1371 sumus.
597 1328 675 1372 nam
710 1310 890 1371 eiusmodi
927 1309 1234 1384 pseudoapostoli
1270 1311 1356 1369 sunt
1391 1307 1559 1383 operarii

424 1413 561 1483 dolosi,
595 1412 920 1486 transfigurantes
952 1427 990 1471 se
1023 1411 1062 1470 in
1094 1408 1286 1485 apostolos
1318 1409 1468 1470 Christi.
1505 1409 1594 1472 buono

427 1514 537 1574 addunt
566 1513 605 1574 ad
626 1515 795 1588 perditionis
815 1512 960 1574 eumulum
989 1511 1199 1585 cumulandum,
1228 1515 1262 1573 ut
1291 1513 1380 1572 bonos
1409 1512 1560 1586 infament,

425 1632 545 1690 quorum
575 1617 704 1690 exemplo
733 1618 852 1675 utuntur
880 1616 916 1675 ad
946 1613 1062 1686 numum,
1085 1614 1190 1689 quibus
1219 1613 1291 1674 utile
1321 1615 1398 1674 esset
1428 1614 1500 1674 satis
1528 1617 1560 1674 et

425 1717 550 1789 salubre,
577 1715 605 1776 si
629 1718 830 1793 cuiuscumque
850 1717 987 1778 historias
1003 1716 1129 1790 seipsos
1151 1715 1244 1790 magis
1269 1716 1419 1777 crederent
1433 1731 1490 1776 non
1512 1714 1558 1774 in·

426 1819 573 1880 tellexisse
586 1819 737 1891 rationem,
764 1835 850 1894 quam
875 1818 984 1893 aliquid
1007 1819 1189 1880 inhonestum
1204 1818 1417 1878 arbitrarentur
1431 1817 1462 1876 ιι
1483 1817 1557 1893 lege.

425 1936 496 1994 quos
511 1921 619 1980 Paulus
640 1921 788 1994 apostolus
816 1919 965 1980 wnfundit
980 1922 1010 1979 et
1034 1919 1155 1994 corripit
1176 1921 1291 1980 dioens:
1314 1938 1384 1980 non
1406 1921 1594 1983 intelle-rs

427 2024 559 2095 gentes
581 2037 697 2095 neque
719 2023 761 2080 de
785 2019 917 2096 quibus
939 2021 1070 2081 dieunt
1106 2037 1226 2096 neque
1259 2022 1300 2082 de
1333 2023 1468 2098 quibus
1501 2025 1559 2084 ad·

423 2125 586 2184 firmant.
620 2125 785 2184 etiterum:
808 2123 840 2184 si
862 2123 947 2198 quis
968 2127 1077 2197 putat
1099 2139 1136 2182 se
1159 2124 1256 2184 seire
1284 2124 1448 2198 aliquid,
1480 2141 1558 2186 nee-

426 2226 696 2300 dnmoognouit
717 2224 1014 2301 quemadmodum
1029 2241 1104 2285 enm
1126 2227 1304 2299 oporteat
1324 2226 1431 2287 seire.
1454 2231 1560 2288 uauant

424 2327 524 2400 itaque
549 2326 725 2400 preeiudieia
738 2325 930 2400 petulantium
952 2341 1023 2400 quos
1038 2326 1153 2400 ingenie
1168 2344 1237 2386 suae
1261 2327 1462 2400 peruersitatis
1478 2345 1557 2388 erra-

427 2427 524 2488 bunda
549 2429 741 2488 bansduount
766 2429 796 2488 et
822 2429 965 2504 quaerunt
990 2429 1173 2502 eonpetentes
1199 2428 1260 2488 auis
1275 2428 1409 2489 sensibus
1422 2429 1594 2494 historiasro

427 2546 500 2602 quas
514 2533 674 2603 exponant,
697 2531 747 2603 qui
763 2529 837 2589 male
852 2531 970 2603 ugentes
985 2531 1154 2590 mutuantur
1168 2529 1276 2602 legalia
1290 2531 1459 2604 patrocinia.
1486 2533 1558 2594 bene

424 2631 578 2706 agentibus
603 2649 671 2692 uero
687 2632 761 2691 bona
787 2633 854 2690 sunt
869 2629 964 2690 omnia
986 2647 1178 2704 quaecumque
1194 2631 1304 2706 scripta
1318 2635 1395 2704 sunt,
1422 2633 1473 2706 qui
1487 2633 1558 2694 bene

425 2732 503 2792 diota
517 2736 590 2792 bene
605 2733 776 2806 suscipiunt,
791 2733 867 2793 siout
877 2733 986 2792 Paulus
1000 2732 1149 2806 apostolus
1163 2733 1334 2806 pollicetur:
1350 2734 1497 2806 seimus,
1512 2734 1558 2794 in-

425 2833 499 2909 quit,
515 2835 684 2908 quoniam
704 2835 799 2895 bona
820 2837 878 2894 est
899 2833 967 2906 lex,
990 2833 1119 2910 siquis
1141 2850 1216 2894 eum
1231 2834 1406 2909 legitime
1420 2838 1557 2897 utatur.

374 2938 415 2998 24
467 2936 650 3009 Optinuimus
658 2935 1095 2996 oonfnndendooontrediotores.
1108 2936 1301 2996 conuertimus
1313 2935 1434 2996 subinde
1444 2939 1558 2998 eosdem
1566 2961 1593 3004 ιι

422 3053 493 3111 quos
509 3035 632 3096 uiuimus
647 3037 765 3111 insuper
779 3035 902 3108 erudire,
929 3053 965 3096 ne
991 3039 1041 3096 aut
1056 3039 1172 3098 sanotos
1196 3035 1340 3110 patiamur
1363 3052 1510 3098 remanere
1526 3038 1557 3098 in

492 3251 555 3306 611
573 3251 632 3306 cnr.
650 3253 691 3315 11,
715 3253 756 3306 12.
776 3252 816 3306 13.
952 3251 1017 3306 151
1035 3250 1104 3306 Tim.
1123 3253 1150 3318 1,
1169 3251 1192 3306 7.
1325 3253 1358 3306 l'i
1376 3253 1391 3307 1
1409 3253 1469 3310 Cor.
1487 3255 1512 3318 8,
1529 3254 1557 3309 2.

421 3337 457 3391 23
476 3337 491 3391 1
509 3335 579 3391 Tim.
598 3337 623 3402 1,
642 3337 669 3392 8.

493 3521 642 3591 leodego
665 3524 694 3589 O,
712 3524 791 3578 sedo
912 3523 1104 3580 uduemmeos
1127 3525 1185 3581 Oe.
1204 3526 1222 3578 l.
1240 3528 1314 3579 aaa
1434 3527 1557 3596 liegem

422 3607 500 3662 deio
587 3607 654 3662 3ut
676 3609 717 3674 0¹,
736 3613 764 3663 ot
786 3611 837 3666 0¹12
925 3609 1093 3665 duolnnto
1185 3612 1218 3664 ut
1235 3626 1270 3666 ex
1286 3612 1359 3668 ett'
1450 3613 1557 3666 boom-

422 3694 512 3747 mittit
533 3693 567 3748 0¹
682 3695 820 3763 apostolus
839 3696 969 3763 pauluso
1082 3696 1310 3765 SgloriarnurO
1412 3713 1461 3752 nos
1482 3699 1513 3763 0,
1531 3700 1558 3752 et

424 3793 472 3833 uos
490 3794 507 3833 o
587 3778 605 3830 9
622 3777 753 3834 eiusmodi
778 3779 808 3844 0,
826 3783 854 3832 ot
866 3779 1019 3834 huiusmodi
1037 3795 1054 3836 o
1124 3781 1156 3834 11
1175 3781 1312 3836 cumulum
1330 3781 1491 3851 perditionis
1507 3799 1526 3837 o

424 3861 554 3916 leubilis
576 3862 610 3918 O'
737 3865 772 3917 15
788 3863 928 3934 apostolus
945 3880 972 3934 p.
990 3865 1103 3936 oorripit
1121 3867 1150 3919 et
1167 3865 1342 3922 confundite
1476 3867 1510 3922 16
1526 3867 1560 3922 de

416 3946 635 4016 .qnibusdiount
656 3948 971 4018 desumpserim
1101 3949 1320 4006 munerante
1444 3951 1479 4006 22
1497 3967 1559 4006 uero

422 4047 508 4087 omo
645 4032 750 4101 qui-0
885 4033 920 4087 23
936 4032 1012 4088 dieta
1029 4050 1065 4088 eo
1083 4033 1194 4090 deuo
1328 4035 1525 4106 inusitatae

422 4117 459 4174 24
478 4133 537 4172 eam
558 4116 601 4182 0¹,
619 4133 651 4172 ea
672 4118 724 4175 (ιιι
827 4109 864 4174 25
880 4119 1063 4174 oonuertimus
1085 4119 1115 4184 0,
1133 4121 1354 4176 oonuertemuro
1456 4121 1493 4177 26
1510 4123 1560 4178 aut

425 4217 460 4256 ee
477 4203 510 4255 nt
531 4202 562 4268 0,
580 4205 628 4257 aut
645 4205 711 4260 nto
814 4219 948 4259 remanere
965 4206 1136 4275 petiamnro
