4012 5066
414 391 457 455 90
528 373 530 378 ¹
887 384 1073 455 Appendix.

413 559 480 604 oree
500 544 552 603 sut
576 541 754 616 curiosiores,
776 543 805 603 et
819 544 963 618 temptent
985 543 1118 603 nonnulli
1139 543 1255 606 illorum
1276 546 1399 606 traotere
1422 560 1454 606 se
1476 543 1552 605 soloe

414 645 561 719 integrum
584 649 672 719 atque
692 643 859 717 perfeetum,
874 661 932 704 non
953 643 1040 706 siouti
1060 661 1113 705 nos
1135 646 1301 705 mutilatum
1316 649 1346 706 et
1360 647 1550 718 deourtatum‚

414 746 560 824 baptisma
582 746 705 820 tradere,
731 747 807 822 quod
829 745 930 808 taliter
949 746 1084 808 diountnr
1104 749 1257 824 adsignare
1281 751 1422 826 utquam
1443 765 1509 810 mox
1522 749 1553 809 in

415 866 520 924 squam
546 850 765 924 deseenderunt,
792 849 891 910 atatim
917 867 1128 924 superaquam
1155 851 1232 926 ignis
1258 854 1405 928 eppnreet.
1427 851 1552 926 quodsi

415 951 512 1026 abque
534 951 602 1010 luen
626 952 786 1026 perpetrari
807 953 913 1024 potest,
936 949 1013 1010 siout
1034 951 1222 1014 adfirmentur
1245 955 1374 1029 plerique
1389 950 1574 1014 huiusmodis

415 1053 498 1114 lusus
513 1052 649 1114 Anaxilei
664 1069 735 1126 esee,
751 1053 812 1114 siue
828 1053 960 1114 naturale
974 1053 1045 1129 quid
1060 1056 1115 1130 est,
1138 1072 1195 1128 quo
1209 1060 1294 1130 paeto
1308 1057 1402 1130 possit
1416 1056 1470 1115 hoo
1484 1071 1552 1116 con·

415 1155 539 1229 tingere,
569 1154 630 1215 siue
656 1153 702 1214 illi
730 1157 836 1229 putent
866 1156 919 1215 hoo
945 1169 977 1216 se
1003 1156 1167 1230 oonspiosre
1193 1159 1255 1218 siue
1281 1157 1402 1232 maligni
1427 1173 1498 1231 opus
1523 1159 1554 1217 et

415 1257 560 1332 magicum
575 1256 656 1316 uirus
670 1255 766 1330 ignem
780 1259 876 1332 potest
890 1256 921 1317 in
935 1274 1011 1332 aqua
1025 1258 1199 1333 exprimere:
1222 1259 1267 1320 illi
1281 1262 1378 1320 menen
1392 1258 1479 1320 talem
1495 1258 1552 1318 tal·

415 1357 566 1420 meismet
581 1359 730 1433 stropham
744 1359 912 1432 praedicent
926 1359 1086 1433 perfeetum
1101 1360 1247 1435 bsptiems
1268 1378 1341 1435 esee,
1364 1362 1440 1436 qnod
1454 1361 1553 1422 fldelee

416 1461 547 1521 homines
562 1459 590 1520 si
604 1460 695 1520 ooeoti
710 1459 827 1520 inerunt
840 1459 976 1536 aeeipere,
993 1461 1094 1535 utique
1108 1479 1165 1522 non
1180 1460 1360 1525 dubitabitur
1373 1479 1422 1524 eoe
1436 1462 1466 1522 id
1476 1461 1552 1536 qnod
1563 1481 1588 1522 ro

415 1561 580 1622 babuerunt
593 1561 734 1635 amisisse,
750 1561 867 1636 perinde
882 1577 915 1622 no
930 1561 956 1622 si
971 1561 1036 1637 quis
1047 1565 1225 1624 seoremento
1239 1563 1322 1624 miles
1337 1563 1415 1623 dioto
1431 1562 1553 1623 desertis

416 1663 479 1722 suis
493 1663 597 1722 eastris
612 1662 643 1722 in
658 1662 784 1722 bostium
799 1661 1005 1722 diuemimimis
1030 1661 1136 1722 eastris
1151 1663 1236 1739 longe
1251 1663 1330 1724 aliud
1345 1665 1553 1724 esorementnm

415 1763 490 1823 uelit
511 1763 614 1837 dioere,
639 1763 695 1823 hee
716 1763 828 1824 ratione
851 1767 965 1824 oonstet
989 1780 1054 1824 eum
1069 1766 1167 1825 uetere
1181 1767 1360 1826 seoremento
1385 1765 1551 1825 exeuotora·

416 1865 479 1924 tum
497 1881 571 1924 esse.

367 1969 408 2031 17
462 1965 538 2026 Item
558 1966 584 2026 si
609 1965 771 2026 huiusmodi
793 1966 876 2027 homo
901 1983 1000 2026 rursus
1025 1967 1063 2026 nd
1087 1969 1117 2027 te
1142 1969 1251 2040 redeat,
1274 1967 1373 2042 utique
1398 1966 1555 2027 haesitabis
1564 1990 1589 2030 rs

417 2070 515 2128 utrum
530 2067 635 2127 hebeat
649 2068 794 2142 bsptiemu
805 2083 910 2127 neonae
926 2070 957 2126 et
968 2071 1066 2128 tamen
1077 2069 1222 2142 oportebit
1235 2071 1265 2129 te
1279 2069 1347 2128 huie
1359 2085 1471 2143 quoque
1484 2083 1554 2142 pee-

417 2169 571 2228 nitentiam
592 2168 692 2242 egenti
715 2169 940 2243 quibueoumque
961 2169 1054 2228 modis
1069 2169 1197 2243 potueris
1212 2168 1375 2230 subuenire.
1397 2171 1554 2229 astantem

417 2269 573 2330 adulterini
587 2268 674 2329 buius
688 2268 774 2330 immo
789 2268 961 2330 interneoini
975 2270 1160 2344 baptismatis
1175 2271 1202 2331 si
1216 2272 1267 2346 qui
1282 2271 1356 2332 alius
1369 2273 1478 2344 austu,
1493 2273 1554 2331 tum

418 2372 507 2431 etiam
530 2371 646 2446 quidem
668 2371 833 2432 ab-eisdem
848 2371 920 2445 ipsis
935 2371 1089 2431 heemtiois
1104 2375 1223 2446 propter
1243 2374 1319 2434 huno
1339 2376 1460 2434 eundem
1476 2388 1554 2432 erro·
1593 2396 1597 2404 ·

417 2489 480 2534 rem
501 2473 639 2534 oonfiotos
660 2472 735 2532 liber
761 2474 811 2548 qui
833 2472 1001 2534 insoribitur
1022 2488 1151 2536 nevum
1171 2488 1415 2536 enenmcnnro.
1446 2474 1589 2548 inquere

418 2575 494 2635 libro
520 2577 620 2636 eontra
646 2591 744 2634 omues
770 2575 928 2648 scripturas
944 2574 1024 2634 etde
1047 2578 1164 2648 peceato
1181 2576 1296 2650 proprio
1312 2577 1494 2636 eonfitentem
1507 2576 1553 2635 iu·

417 2676 518 2738 uenies
541 2676 696 2750 christum,
724 2675 774 2750 qui
797 2676 878 2736 eolus
893 2677 1007 2737 omnino
1029 2676 1103 2735 nibil
1117 2675 1248 2750 deliquit,
1264 2677 1345 2736 etad
1359 2676 1553 2750 eoeipiendum

417 2777 535 2839 Ioannis
556 2777 700 2852 baptism
714 2793 803 2852 paene
829 2777 952 2836 inuitum
967 2780 1090 2836 amatre
1116 2793 1170 2836 sus
1183 2777 1352 2837 Manassae
1367 2777 1553 2849 oompnlsurn,

417 2879 489 2939 item
504 2896 569 2939 oum
584 2878 779 2952 baptizeretur
794 2877 889 2952 ignem
903 2893 1108 2952 superaquam
1123 2893 1186 2938 esse
1201 2877 1305 2951 uisum,
1329 2877 1405 2952 quod
1420 2877 1451 2936 in
1465 2893 1553 2936 euan-

416 2981 495 3056 gelio
521 2981 601 3042 nullo
627 2985 673 3042 eet
697 2980 847 3055 seriptum,
872 2983 903 3040 et
923 2983 990 3055 post
1013 2982 1096 3039 tenta
1110 2982 1240 3053 tempora
1254 2979 1371 3039 Petrum
1386 2982 1417 3038 et
1431 2978 1553 3038 Paulum
1561 3000 1586 3044 ss

417 3085 484 3156 post
507 3082 696 3143 oontetionem
718 3081 862 3156 euangelii
877 3082 908 3140 in
921 3080 1103 3141 Hierusalem
1118 3083 1149 3140 et
1163 3082 1292 3141 mutuam
1307 3080 1510 3156 eogitetiouem
1523 3081 1553 3140 et

416 3183 633 3244 altereationem
655 3187 685 3242 et
708 3199 803 3242 rerum
829 3181 1003 3257 agendarum
1025 3181 1241 3256 dispositionem
1266 3183 1409 3256 postremo
1436 3181 1467 3241 in
1481 3182 1552 3241 urbe

347 3306 350 3313 ·
415 3285 500 3361 quasi
515 3286 585 3344 tuno
598 3284 722 3360 primum
736 3283 860 3344 innioem
874 3283 931 3343 sibi
945 3301 1009 3344 esse
1024 3284 1165 3358 cognitos,
1182 3286 1211 3343 et
1224 3285 1364 3358 quaedem
1379 3283 1437 3343 alia
1450 3283 1552 3343 buius·

418 3385 527 3448 eemodi
553 3387 676 3446 absurde
701 3402 735 3446 ee
762 3385 884 3458 turpiter
910 3384 1041 3457 muoso,
1068 3401 1141 3460 qnae
1169 3384 1265 3445 omnia
1290 3385 1321 3444 in
1343 3383 1426 3444 illum
1447 3382 1552 3444 librum

417 3489 548 3549 inuenies
563 3492 708 3564 congesta.
731 3487 781 3561 qui
805 3487 900 3548 autem
915 3504 972 3547 non
986 3486 1123 3560 ignorent
1137 3487 1259 3561 spiritus
1273 3487 1367 3546 saneti
1382 3485 1552 3561 qualitatem
1561 3507 1587 3548 oo

417 3591 593 3664 intellegunt
608 3591 682 3664 quod
698 3590 807 3649 dietum
821 3592 867 3648 est
881 3590 916 3648 de
931 3587 995 3662 igni
1008 3589 1043 3647 de
1058 3588 1121 3662 ipso
1136 3588 1241 3663 spiritu
1263 3589 1370 3648 dietum
1391 3603 1463 3649 esee.
1486 3604 1552 3646 nam

417 3692 448 3753 in
470 3692 544 3754 sotis
565 3693 758 3768 apostolorum
778 3692 934 3754 seeundum
958 3690 1033 3751 beno
1053 3691 1172 3752 eandem
1193 3685 1411 3767 promissionem
1436 3689 1552 3752 Domini

416 3795 509 3856 nostri
535 3795 599 3870 ipso
622 3795 668 3854 die
690 3795 874 3855 Penteoostes
900 3812 964 3855 enm
989 3793 1186 3854 despondisset
1199 3793 1318 3867 spiritus
1333 3795 1450 3853 sanetus
1464 3809 1551 3866 super

416 3897 574 3972 dieoipulee
596 3900 629 3957 ut
649 3897 680 3956 in
701 3895 752 3956 illo
777 3896 1002 3970 baptizarentur,
1027 3896 1107 3956 uisae
1133 3899 1202 3955 sunt
1216 3895 1376 3956 insidentes
1390 3909 1477 3968 super
1491 3893 1551 3953 sin·

486 4090 503 4143 1
521 4085 825 4157 illorum1iterrnnRs'p.
913 4084 1064 4140 3dieentnr
1077 4083 1142 4154 Rip.
1229 4083 1265 4138 20
1281 4083 1373 4138 Paulli
1391 4081 1457 4146 eod..
1476 4081 1550 4136 Petri

415 4172 570 4245 Ripettiue3
589 4173 624 4238 of.
642 4172 724 4228 Cleon.
743 4172 822 4226 Adero.
842 4171 942 4226 Strom.
965 4169 1016 4226 VI.
1025 4187 1057 4240 p.
1069 4173 1131 4235 639.
1151 4170 1283 4227 Laedunt.
1304 4171 1372 4225 laet.
1387 4168 1408 4222 l
1411 4167 1436 4222 V
1445 4183 1469 4224 o.
1482 4170 1517 4221 21

416 4259 451 4314 26
469 4258 662 4330 eogitationem
680 4259 708 4311 et
725 4271 775 4313 oro.
793 4255 854 4326 Ru.
959 4255 993 4310 34
1004 4255 1046 4325 ut]
1059 4258 1087 4310 et
1098 4255 1162 4327 Rip.
1299 4260 1301 4266 ’
