4012 5066
379 419 439 484 126
848 413 1033 485 Appendix.

374 569 523 648 amplexus
549 573 605 644 eet,
631 586 769 632 conuerso
794 571 831 631 erl
846 587 911 632 eum
925 571 1028 632 timore
1044 571 1192 632 metemus
1209 572 1240 631 st
1253 570 1293 631 st
1306 569 1509 629 eeternitstem

374 675 452 736 uitee
478 691 529 749 spe
555 672 648 736 luturi
672 673 756 746 mgni
781 672 845 734 eius
870 661 1041 734 unimemrir.
1065 672 1130 748 quis
1155 688 1224 748 ergo
1250 676 1310 732 tem
1336 669 1460 732 stolidus
1476 685 1510 728 so

374 777 500 853 demens,
516 779 581 854 quie
597 777 640 840 sic
650 776 688 838 sb
698 774 851 838 intellectu
864 793 934 836 sues
949 774 1054 836 uelutis
1068 774 1188 848 alienus,
1203 773 1254 850 qui
1268 773 1300 834 iu
1313 775 1359 834 tot
1373 775 1403 832 et
1417 770 1509 832 tentis

373 879 546 942 testimoniis
557 878 690 940 neritstie
700 877 1078 939 incredulusnoueduerens
1090 875 1325 938 sincercmildem
1337 875 1508 936 obduretum

373 987 475 1058 pectus
491 983 642 1043 intellectu
657 981 792 1043 ueritetis
812 979 941 1044 emolliet
956 983 987 1040 et
1002 997 1019 1040 e
1033 980 1161 1041 tenebris
1175 977 1256 1041 niteo
1271 977 1415 1054 quendem
1429 994 1529 1039 mor-e

373 1084 444 1146 telis
469 1086 572 1145 exutus
595 1083 627 1144 iu
651 1083 760 1145 lumino
786 1085 1003 1158 praeceptorum
1024 1082 1191 1143 coelestium
1206 1081 1343 1156 grediens
1357 1078 1394 1140 ed
1409 1080 1509 1140 (liuius

374 1185 483 1246 monite
502 1189 532 1246 et
554 1185 670 1247 Domini
694 1185 835 1246 minucie
859 1185 986 1259 gerendo
1009 1185 1146 1244 mundate
1159 1181 1330 1243 inluminate
1345 1183 1430 1242 corde
1445 1181 1508 1240 tote

373 1286 479 1348 mentis
507 1287 679 1348 credulitate
709 1289 876 1360 concertet,
913 1289 946 1347 ut
977 1301 1061 1360 quem
1090 1286 1247 1360 prophetee
1267 1283 1507 1359 preedioeueruut

373 1387 526 1448 Dominum
540 1391 651 1461 noscet,
667 1392 701 1449 ut
716 1387 863 1448 christum
878 1385 930 1463 qui
944 1401 975 1447 ce
990 1388 1095 1448 mundo
1117 1387 1213 1462 pelam
1230 1385 1346 1446 uenisse
1361 1387 1507 1446 monstre-

372 1487 418 1548 uit
442 1488 605 1564 intelleget,
631 1491 665 1549 ut
691 1489 844 1564 scripturis
869 1487 1009 1548 diuimtue
1034 1486 1259 1548 testitimtibne
1283 1486 1338 1547 Dei
1363 1485 1455 1546 fllium
1478 1488 1544 1546 etro

373 1589 464 1650 Deum
489 1591 596 1654 credet.
620 1591 697 1652 sicut
722 1590 784 1665 ipse
809 1607 882 1674 quse
908 1591 949 1650 sit
971 1589 1034 1650 uite
1058 1591 1176 1652 semme
1196 1591 1366 1652 mannent
1390 1589 1506 1650 dicens:

372 1694 463 1753 hsec
493 1696 550 1753 est
578 1695 697 1754 sutem
719 1693 986 1762 niteremur..
1018 1697 1058 1754 ut
1086 1695 1312 1767 cognoscant
1333 1695 1368 1752 te
1390 1691 1507 1752 solum

372 1797 408 1855 et
430 1811 554 1855 uerum
574 1795 684 1856 Deum
706 1798 743 1855 et
764 1812 867 1868 quem
888 1793 1381 1868 misistiIesumOhristum,
1404 1794 1506 1854 docens

371 1897 458 1970 elque
480 1896 634 1956 osteudens
656 1895 732 1956 nihil
755 1895 836 1956 eliud
850 1912 914 1957 esse
927 1897 1019 1957 ileum
1035 1913 1119 1957 uoese
1134 1913 1220 1971 quem
1235 1895 1349 1957 medere
1364 1899 1394 1956 et
1408 1895 1506 1956 oculos

371 1997 465 2058 cordis
485 1999 516 2057 iu
538 1998 692 2058 Dominum
718 2015 809 2073 prone
830 2000 860 2058 et
874 1997 1028 2059 immutate
1051 1997 1177 2072 pectoris
1192 1999 1248 2058 ilde
1263 1998 1384 2058 denotee
1399 1997 1541 2058 mentiens

370 2097 492 2171 aperire.
514 2098 582 2159 iude
596 2099 654 2158 iem
670 2099 704 2158 ilt
718 2103 752 2158 ut
766 2099 904 2159 credendo
920 2098 1082 2174 intelleges,
1108 2097 1301 2173 intellegendo
1316 2097 1392 2172 qnod
1413 2097 1506 2158 orodis

370 2199 401 2258 iu
416 2215 501 2259 sensu
516 2198 608 2260 Deum
629 2199 793 2260 illuminato
813 2201 898 2261 corde
914 2199 1083 2274 conspicies,
1107 2201 1182 2260 sicum
1197 2199 1274 2260 idem
1288 2199 1351 2275 ipse
1365 2199 1506 2262 Dominus

370 2305 402 2361 et
430 2317 482 2376 per
509 2301 627 2362 Escium
656 2307 725 2363 unte
755 2306 852 2363 monet
880 2303 993 2364 diceus:
1022 2302 1053 2363 ei
1075 2321 1143 2364 uou
1164 2303 1420 2376 credideritis,
1443 2319 1507 2362 nec

370 2401 621 2477 intellegetis.
643 2405 704 2464 tem
727 2403 823 2465 femlie
837 2406 868 2463 et
881 2406 1033 2478 preeetsne
1053 2407 1084 2464 et
1097 2403 1181 2480 lorge
1195 2405 1241 2464 ost
1255 2405 1341 2477 etque
1356 2403 1506 2463 ebuudnrrs

442 2623 476 2678 12
494 2625 533 2679 Io.
552 2625 595 2688 17,
611 2625 637 2679 3.
744 2627 778 2680 18
795 2625 839 2680 Ee
858 2627 884 2690 6,
902 2625 927 2678 7.
945 2627 971 2680 9.

441 2837 456 2889 1
474 2835 595 2891 conumei
613 2837 646 2905 Z,
665 2839 698 2891 ut
715 2851 841 2892 conuerso
858 2835 922 2892 Bul
941 2851 976 2891 ec
992 2851 1010 2891 r
1126 2835 1155 2890 iu
1173 2836 1271 2892 timore
1290 2837 1317 2889 Ζ
1426 2839 1455 2890 et
1471 2835 1505 2889 ed

368 2937 420 2976 one
439 2921 466 2975 Ζ
481 2929 508 2976 et
526 2921 589 2977 Bul.
729 2921 891 2976 eotemitete
909 2921 935 2976 Ζ
1078 2921 1096 2976 2
1113 2921 1172 2991 spei
1192 2921 1276 2986 M,
1294 2925 1323 2975 et
1340 2935 1388 2990 spe
1407 2920 1470 2976 Bae

368 3019 490 3060 amemur
507 3007 558 3061 Ζί·
685 3021 751 3076 ergo
769 3021 820 3060 ont
839 3005 873 3070 Ζ,
891 3005 963 3060 enim
983 3021 1000 3061 o
1125 3005 1199 3072 linio
1216 3020 1267 3061 oen
1288 3005 1315 3059 Ζ
1445 3003 1504 3074 qui]

369 3089 431 3160 quie
448 3089 485 3146 Ζί
632 3091 662 3144 iu
680 3107 732 3146 om.
749 3093 791 3146 t'o
941 3095 970 3147 et
986 3089 1082 3160 tentis]
1101 3089 1188 3144 tentis
1210 3091 1268 3160 Tt',
1287 3089 1428 3158 teretisque
1446 3089 1471 3144 t*

367 3173 529 3230 iteritatis
546 3175 713 3231 testimoniis
730 3191 747 3231 o
854 3177 985 3232 sincerem
1003 3177 1037 3240 Ζ,
1053 3177 1083 3231 iu
1100 3190 1193 3231 nerem
1211 3175 1258 3240 T',
1274 3190 1377 3230 merem
1396 3175 1471 3246 Tuo

370 3258 440 3313 tub
457 3259 599 3315 intellectu
617 3262 645 3316 Ζ
717 3261 841 3317 emolliet
857 3263 895 3333 et]
913 3265 941 3316 st
958 3261 1077 3317 mollicie
1093 3262 1127 3327 Ζ,
1145 3260 1282 3316 emolliente
1303 3262 1351 3316 Tl¹
1420 3275 1504 3316 eoru

355 3328 448 3400 'mne
533 3344 650 3413 qucum
668 3345 779 3402 noem
796 3347 824 3401 Z
909 3347 1031 3402 oeneus
1051 3348 1109 3410 w,
1126 3345 1200 3400 cetu
1218 3345 1245 3399 Ζ
1329 3347 1359 3400 en
1376 3361 1428 3401 oen
1446 3345 1474 3399 Ζ

367 3429 384 3484 ‘l
402 3428 578 3486 inluminetio
598 3430 624 3485 T
724 3433 760 3497 18
777 3431 886 3503 mentis]
906 3431 970 3487 odet
989 3431 1053 3487 lldei
1074 3433 1122 3489 Τίι
1141 3433 1215 3501 (cup.
1233 3432 1279 3501 ti),
1298 3445 1330 3486 co
1347 3429 1411 3486 fidei
1428 3449 1458 3500 μ,
1475 3434 1503 3485 et

366 3513 430 3568 fidei
447 3513 475 3568 Ζ
596 3513 757 3571 crudelitote
777 3517 812 3572 Tt
931 3519 1103 3572 concertetur
1119 3517 1147 3570 Ζ
1266 3516 1427 3570 ἀίωηοῐιιιιί
1444 3515 1471 3569 T

367 3598 385 3653 9
403 3596 482 3653 eleum
499 3617 537 3670 μυ
605 3633 609 3662 ;
629 3601 720 3670 pnlem
738 3599 873 3657 mundoo
965 3601 1136 3656 monstrelet
1152 3620 1172 3671 μ
1275 3601 1309 3655 10
1326 3599 1427 3655 diuinis
1444 3601 1473 3655 Ζ

369 3683 402 3739 11
419 3685 551 3756 quescit]
568 3685 618 3755 qui
634 3689 677 3740 est
694 3687 722 3742 Ζ
831 3686 906 3741 niteo
924 3687 974 3742 Tt¹
1089 3688 1123 3741 12
1140 3689 1232 3741 sutem
1250 3687 1292 3740 sit
1309 3704 1347 3756 μυ
1461 3701 1502 3740 oo·

366 3773 480 3840 gnoscat
499 3771 526 3825 T
606 3771 686 3838 132et
703 3772 806 3842 uerum]
825 3787 918 3827 uerum
936 3772 1003 3842 Zt'3
1021 3771 1059 3838 cf.
1080 3773 1164 3843 (lym.
1182 3775 1226 3838 63,
1244 3775 1280 3827 10
1360 3770 1502 3839 christum]

366 3853 499 3910 christum
516 3855 589 3912 huuc
606 3863 655 3913 cte.
673 3858 712 3924 Ζ,·
729 3858 766 3925 es.
784 3861 848 3926 123,
869 3864 920 3925 133
948 3859 1044 3916 docens
1060 3863 1143 3930 etque
1161 3865 1211 3916 etc.
1230 3860 1292 3915 celo
1315 3864 1380 3928 poet
1396 3857 1503 3914 meden-

365 3941 441 3996 tibus
459 3945 557 4008 125,4
667 3944 805 4000 ronculis
822 3945 849 4000 Ζ
958 3946 993 4000 io
1009 3945 1088 4002 deum
1105 3946 1151 4016 Ζμ
1265 3947 1294 4000 et
1311 3960 1362 4000 oen.
1385 3945 1469 4014 Tereo

366 4028 509 4084 immotste
526 4029 559 4096 T,
578 4028 712 4086 inmotote
729 4036 748 4096 t,
767 4031 850 4086 immo
861 4033 922 4087 tote
940 4048 978 4102 μυ
1047 4032 1082 4086 lo
1098 4031 1178 4087 fldem
1195 4031 1224 4086 Ζ
1299 4055 1327 4084 e·
1338 4029 1451 4086 deuotse
1469 4029 1502 4092 T,

364 4115 394 4169 et
417 4113 577 4182 oleronensi
584 4115 649 4172 Bul.
674 4133 711 4172 cu·
732 4133 750 4172 r
755 4137 765 4186 ,·
790 4117 905 4174 uidetur
922 4133 978 4174 esee
1002 4119 1170 4190 creceium
1189 4133 1244 4188 pro
1262 4116 1361 4173 deuote
1378 4117 1468 4171 mente

369 4188 987 4274 renumeranturirmzcoeuar.
1069 4201 1230 4274 wionem
1297 4201 1469 4272 epotum

367 4285 402 4340 18
420 4290 448 4341 et
465 4303 517 4343 om.
535 4288 563 4342 Ζ
663 4290 727 4342 cute
744 4287 846 4357 monet]
863 4290 998 4345 enmono
1016 4289 1043 4344 Ζ
1144 4290 1177 4345 19
1195 4289 1289 4358 clergo
1307 4287 1356 4342 Tt¹
