4012 5066
707 446 756 499 Ad
779 443 1010 498 Nouatienum
1035 460 1057 498 c.
1082 443 1194 498 14-15.
1476 445 1518 508 65

377 606 520 680 pastores,
536 601 647 663 scilicet
658 603 814 676 praedones
825 601 995 661 etleuionos
1010 599 1117 680 (dicam
1129 603 1162 662 ut
1173 599 1388 679 eestimeuerat)
1405 602 1519 662 dicens:

379 724 395 768 o
418 707 604 781 pastores,
621 720 734 778 quere
748 703 806 764 lac
821 702 990 777 ebibitis,
1007 707 1044 762 et
1064 703 1301 778 coagulatum
1322 700 1520 764 comeditis

378 811 414 870 et
439 808 540 869 forte
566 807 609 867 ed
635 806 794 865 nihilum
814 803 1053 879 perduxistis
1074 807 1110 865 et
1130 805 1320 866 infirmum
1340 822 1409 866 non
1430 805 1520 866 uisi*

378 911 496 972 tastis
525 911 562 968 et
582 908 855 969 claudicantem
884 925 952 968 non
974 908 1144 968 curastis
1173 912 1211 968 ot
1240 913 1424 968 errantem
1453 925 1522 968 non

359 1011 611 1084 sreuoceetis,
633 1012 669 1070 et
688 1007 925 1086 permisistis
945 1009 1119 1085 populum
1140 1027 1253 1070 meum
1274 1028 1399 1072 errare
1422 1011 1524 1070 inter

381 1116 511 1190 spinea
528 1113 766 1174 attribulos?
789 1116 990 1198 prepterea
1011 1114 1101 1174 heec
1117 1111 1418 1174 dicitDominus:
1440 1129 1523 1174 ecce

384 1233 449 1294 ego
476 1217 620 1277 ueniam
646 1217 829 1276 aduersus
849 1217 1024 1289 penteres
1045 1215 1082 1275 et
1103 1215 1292 1289 exquirens
1319 1231 1405 1275 oues
1425 1233 1524 1276 maes

386 1321 428 1380 de
457 1319 626 1380 manibus
656 1335 793 1391 eorum,
832 1319 867 1378 et
895 1317 1077 1391 repellam
1111 1334 1172 1377 eus
1202 1318 1243 1377 ut
1271 1335 1339 1378 non
1368 1320 1525 1391 pescant

382 1439 469 1482 oues
504 1437 617 1492 meas,
654 1423 691 1480 et
720 1435 787 1480 non
817 1421 928 1478 erunt
957 1420 1012 1478 eis
1042 1419 1204 1492 amplius
1240 1437 1326 1481 oues
1360 1435 1458 1479 meae
1488 1420 1526 1478 in

353 1521 684 1592 rodeuorntiouem,
714 1523 749 1580 et
779 1520 968 1593 exquiram
998 1536 1059 1580 aas
1089 1520 1190 1580 sicut
1219 1524 1348 1595 peston
1376 1535 1526 1598 gregem

387 1641 491 1684 annm
525 1623 563 1683 in
600 1623 658 1684 die
688 1640 757 1696 que
797 1621 918 1682 fuerit
957 1623 1083 1698 caligo
1114 1625 1150 1683 et
1189 1624 1339 1685 nobule:
1380 1623 1436 1684 sic
1471 1639 1526 1684 ex·

385 1725 527 1799 quirem
558 1741 644 1786 oues
674 1741 770 1784 mooe
796 1726 832 1784 et
857 1723 1049 1799 exquiram
1075 1741 1137 1784 eea
1157 1727 1199 1786 de
1220 1727 1316 1786 omni
1337 1725 1416 1787 loco
1442 1743 1526 1801 quo·

386 1843 538 1900 cumque
567 1825 763 1899 dispersae
793 1830 895 1886 sunt:
931 1829 968 1886 et
1004 1828 1099 1902 quod
1127 1829 1297 1901 perteret
1339 1827 1528 1902 nequirem

386 1929 422 1988 et
458 1928 553 2003 quod
588 1929 782 1988 erraueret
818 1928 1000 1989 reuocabo
1041 1931 1077 1988 et
1112 1930 1207 2004 quod
1243 1930 1529 1990 claudioauerat

351 2030 522 2091 recusabo
558 2032 594 2088 et
629 2031 722 2104 quod
758 2029 947 2089 infirmum
983 2034 1041 2090 e'st
1077 2031 1275 2090 custodibo
1311 2034 1347 2091 et
1380 2047 1528 2106 pascam

389 2149 475 2192 oues
505 2149 602 2192 meas
627 2147 702 2190 cum
731 2131 883 2192 iudicio.

439 2233 509 2303 Quis
525 2233 582 2293 iate
596 2234 746 2307 loquitur?
768 2233 867 2308 utique
882 2233 932 2292 ille
948 2233 998 2307 qui
1013 2233 1125 2294 relictis
1140 2234 1299 2309 nonaginta
1312 2252 1414 2296 nouem
1429 2235 1531 2296 ouibus
1542 2236 1582 2296 15

398 2334 542 2410 quoesinit
567 2334 647 2395 illem
678 2352 750 2410 quse
777 2335 811 2396 de
837 2352 889 2395 suo
919 2337 1068 2396 errauerat
1090 2353 1195 2412 grege,
1225 2337 1301 2398 sicut
1326 2337 1420 2399 Dauid
1446 2337 1532 2399 dicit:

392 2437 520 2497 enreui
555 2436 662 2497 uelut
697 2438 778 2497 ouis
814 2455 905 2513 quae
940 2437 1057 2512 perit,
1097 2456 1182 2512 quam
1217 2439 1365 2500 iuuentem
1400 2439 1533 2500 cuneus

356 2539 471 2601 eredit
499 2556 596 2598 amoro
626 2554 678 2598 suo
707 2543 826 2614 portens
855 2540 1043 2614 peccatricem
1073 2541 1243 2600 delicatum:
1274 2540 1325 2616 qui
1350 2543 1478 2617 mudena
1503 2545 1534 2601 et

394 2641 528 2701 exultans
556 2641 665 2700 nocetis
691 2641 790 2701 amicis
816 2644 845 2701 et
866 2642 1031 2703 domesticis
1056 2643 1115 2702 ait:
1137 2643 1405 2703 conleetomiui
1433 2643 1534 2715 mihi,

395 2741 566 2817 quoniam
589 2742 744 2802 inuenta
766 2745 824 2802 est
844 2743 925 2803 ouis
947 2759 1024 2802 mee
1047 2760 1140 2818 queo
1160 2744 1337 2819 perierat.
1368 2743 1458 2816 dico,
1488 2744 1536 2804 iu-

399 2844 479 2919 quit,
521 2843 628 2904 uobis
664 2845 751 2918 quia
786 2845 862 2904 tels
898 2845 1073 2920 gaudium
1109 2845 1184 2906 erit
1218 2845 1255 2906 iu
1290 2847 1394 2907 caelo
1424 2861 1538 2926 super
1652 2898 1656 2904 .

394 2948 628 3020 peccatorem
664 2947 937 3020 peonitentiam
973 2949 1152 3021 egentem.
1201 2949 1231 3008 et
1266 2947 1442 3022 subiungens
1477 2947 1536 3007 eit:

360 3049 461 3107 aeaut
491 3063 582 3120 quae
612 3047 745 3107 mulier
773 3048 913 3107 habens
943 3048 1119 3110 denarios
1147 3041 1268 3109 docem
1294 3051 1431 3109 etcum
1455 3065 1535 3125 per-

394 3149 539 3210 diderit
567 3167 608 3209 ox
635 3149 689 3208 eis
719 3167 841 3222 unum,
871 3166 940 3210 uon
971 3149 1146 3210 accendit
1174 3151 1362 3212 lucernam
1390 3154 1427 3210 et
1455 3152 1537 3210 tota

396 3251 460 3311 die
489 3253 629 3312 domum
658 3267 757 3312 suem
788 3251 960 3311 emundat
989 3267 1172 3326 quaerens
1202 3253 1316 3315 donec
1344 3252 1536 3313 inueniat?

460 3497 488 3636 62
507 3496 614 3635 Etsi-⁹14,
633 3497 658 3552 3.
677 3495 702 3551 4.
721 3496 763 3551 10.
783 3496 824 3552 11.
843 3495 887 3554 16.
1033 3497 1067 3550 19
1084 3494 1129 3550 Pa.
1149 3496 1209 3559 118,
1227 3495 1285 3550 176.
1422 3492 1537 3550 21Luc.

397 3583 440 3647 15,
479 3583 529 3637 -1
549 3620 556 3634 .

477 3821 493 3875 1
512 3821 627 3890 scilicet]
646 3821 694 3876 sed
710 3822 744 3877 K
828 3821 997 3876 estimsuorit
1015 3819 1048 3874 Κ
1132 3817 1150 3873 4
1168 3821 1197 3873 ot
1214 3824 1291 3887 (ueste
1308 3818 1406 3887 claud)
1424 3833 1474 3872 oon
1492 3834 1509 3873 u

407 3906 426 3960 5
444 3905 589 3960 remisistis
605 3907 637 3961 Κ
782 3906 800 3960 8
817 3921 908 3961 aornos
926 3905 965 3970 K,
983 3904 1092 3959 illorum
1112 3920 1129 3959 o
1274 3919 1319 3958 eoa
1336 3918 1354 3957 o
1490 3916 1543 3956 non

410 3990 445 4046 Κ
451 4007 474 4044 a.
487 3991 505 4046 1.
517 3995 584 4046 Μ
708 3991 742 4047 12
761 3991 793 4046 dc
811 3991 849 4057 Κ,
866 3993 931 4048 ino
1059 3991 1094 4045 15
1112 3989 1253 4047 custodibo
1271 3988 1309 4053 Κ,
1328 3985 1476 4044 custodiam
1493 4004 1511 4043 o

402 4077 436 4132 1‘1
455 4076 511 4133 iste
530 4093 566 4132 ee
585 4077 626 4132 ite
643 4077 677 4131 Κ
766 4079 874 4132 relictas
892 4078 927 4131 Κ
1014 4075 1111 4132 ouibus
1128 4091 1155 4145 q.
1174 4075 1250 4128 illam
1268 4089 1319 4128 ose.
1337 4073 1371 4128 K
1448 4070 1482 4125 19
1499 4085 1544 4140 po·

402 4165 454 4220 riit
473 4179 490 4218 o
593 4165 710 4220 christus
728 4179 778 4219 om.
797 4164 831 4218 Κ
930 4163 965 4218 21
984 4161 1176 4218 conlaetemini
1193 4159 1231 4227 Κ,
1250 4156 1476 4228 congratulemini
1492 4173 1511 4210 o

405 4253 440 4308 24
464 4267 518 4307 uno
537 4255 676 4322 peccatore
693 4253 887 4320 poenitentiam
906 4251 1004 4322 egente
1021 4264 1038 4303 o
1193 4245 1228 4300 26
1245 4244 1285 4300 eis
1302 4243 1341 4309 Κ,
1359 4241 1475 4299 denariis
1493 4257 1511 4297 o

402 4354 457 4396 non
476 4336 514 4404 Κ,
532 4353 620 4393 nonne
639 4355 656 4394 o
737 4387 739 4390 .
760 4338 919 4393 ecoendoto

507 4447 549 4493 111
567 4445 590 4491 s
1318 4421 1337 4480 5
