4012 5066
419 383 421 388 '
443 385 487 450 88
917 375 1105 448 dependis.

442 539 479 599 ei
500 537 716 611 sensuinem
737 537 843 598 Ie'sus
866 535 1048 606 christus,
1071 550 1139 596 non
1163 529 1199 592 in
1220 549 1314 606 eqne
1334 534 1485 602 tentum,
1513 532 1577 591 sed

444 639 480 697 in
511 656 603 713 eque
625 642 661 700 οι
681 639 869 714 sunguine.
902 640 938 699 οι
967 619 1129 713 spiritns
1158 639 1215 696 esi
1241 635 1302 710 qui
1324 633 1577 695 testimonium

443 741 634 816 perhibet,
666 741 751 815 quie
779 739 939 814 spiritns
970 742 1027 802 eei
1055 739 1217 799 ueritus:
1250 737 1335 810 quie
1363 740 1442 796 ires
1470 736 1576 794 testi-

441 841 597 902 monium
637 842 849 917 perhibent,
894 841 1055 916 spiritus
1088 842 1124 900 οι
1156 856 1248 915 eque
1279 840 1315 898 ei
1347 839 1507 913 sangnis.
1541 841 1577 898 ei

442 945 510 1005 isii
533 947 610 1004 ires
632 961 737 1004 unum
760 947 854 1005 enni.
877 947 911 1003 ιιι
932 960 966 1003 ex
988 943 1049 1004 iliis
1071 940 1285 1017 oolligemnsei
1305 958 1409 1016 equum
1430 943 1597 1016 pmssieres

443 1047 578 1122 spiritum
592 1046 719 1117 solitum,
734 1049 763 1106 ei
774 1047 942 1120 sangninem
953 1043 1101 1121 proprium
1112 1043 1275 1105 hominibus
1285 1045 1432 1118 presedere
1442 1043 1576 1117 epulum

443 1148 560 1208 solitum
582 1150 612 1208 ei
635 1148 730 1221 ipsum
752 1163 863 1221 qnoque
886 1147 1020 1220 spiritum
1042 1147 1191 1220 proestare
1213 1145 1346 1219 spiritum
1361 1146 1487 1206 solitum.
1510 1131 1575 1204 nem

444 1266 508 1311 eum
533 1249 697 1310 effundetur
718 1265 793 1323 sque
815 1247 901 1308 deuii
921 1252 952 1308 ei
973 1246 1103 1323 sanguis,
1126 1247 1247 1321 spiritns
1268 1248 1355 1308 eiiam
1378 1248 1484 1308 edesus
1506 1247 1576 1308 sits

444 1351 565 1412 Domino
586 1367 672 1424 super
693 1367 791 1411 omnes
813 1350 863 1424 qni
877 1351 1075 1411 erediderunt:
1098 1351 1198 1424 diique
1213 1353 1242 1410 ei
1256 1369 1331 1425 sque
1345 1355 1375 1411 si
1390 1350 1576 1410 nihilominus

442 1454 557 1528 proprio
583 1453 741 1526 sanguine,
767 1455 836 1513 inno
860 1451 963 1512 deinde
989 1454 1019 1511 ei
1044 1452 1150 1526 spiritu
1176 1455 1274 1512 senoio
1299 1455 1420 1526 possum
1444 1451 1611 1512 hominesno

443 1553 594 1627 bspiineri.
617 1554 659 1614 eii
680 1554 756 1614 enim
771 1555 892 1613 Peiros:
916 1555 977 1613 sed
999 1553 1065 1613 hoo
1087 1557 1143 1614 osi
1165 1555 1256 1627 qnod
1278 1554 1415 1614 dietum
1437 1555 1493 1614 est
1514 1568 1576 1625 per

443 1657 674 1731 prophetem:
704 1655 777 1716 orii
797 1655 833 1714 in
856 1655 1073 1715 nouissimis
1102 1655 1247 1726 diebus,
1278 1655 1373 1716 dieii
1393 1653 1574 1725 Dominus,

443 1757 631 1819 effundam
654 1757 828 1832 spiritum
850 1774 960 1817 meum
981 1773 1090 1830 super
1109 1773 1244 1817 omnem
1265 1773 1418 1828 earnem,
1441 1757 1477 1815 ei
1496 1771 1575 1829 pro·

441 1860 649 1934 pheisbnni
671 1857 750 1918 filii
772 1875 891 1919 eornm
911 1861 947 1918 ei
966 1858 1075 1918 filies
1098 1875 1217 1919 eornm
1238 1861 1273 1918 ei
1293 1859 1442 1918 iuuenes
1462 1855 1575 1916 nisio·

441 1977 507 2020 nes
536 1960 716 2020 uidebnni
745 1964 780 2020 ei
802 1959 968 2020 seniores
999 1959 1139 2020 somnis
1169 1959 1407 2020 somniabunt.
1441 1961 1479 2018 ei
1500 1959 1614 2031 qui-ns

444 2065 523 2122 dom
545 2077 655 2136 snper
677 2079 805 2122 seruos
827 2063 863 2122 ei
884 2060 1366 2135 snperenoillessiiundem
1381 2060 1575 2134 despiriiu

441 2179 526 2222 meo.
549 2179 634 2237 quem
656 2161 790 2236 spiritum
813 2161 844 2220 in
868 2163 960 2222 ueteri
982 2164 1165 2234 iosismenio,
1187 2179 1244 2224 non
1266 2164 1379 2238 quidem
1401 2163 1509 2236 peesim
1523 2177 1577 2220 neo
1622 2179 1624 2182 ’

443 2265 543 2338 effuso,
568 2265 621 2323 eod
644 2265 879 2325 eommunieeium
903 2283 967 2324 oum
989 2264 1056 2324 eliis
1078 2267 1128 2324 eni
1149 2265 1236 2325 eiiam
1258 2269 1358 2338 sponte
1379 2265 1524 2324 insiluisse
1545 2264 1577 2322 in
1648 2341 1651 2346 Ι

445 2365 582 2440 quosdsm
598 2365 728 2424 homines
742 2365 790 2424 nel
804 2365 933 2424 induisse
948 2383 998 2426 sos
1012 2365 1060 2426 nel
1072 2365 1162 2425 inisse
1172 2382 1258 2440 super
1269 2383 1317 2425 eos
1328 2365 1575 2440 deprehendimus,

444 2466 531 2528 sicud
546 2467 640 2544 Moysi
654 2468 689 2528 de
704 2467 888 2542 septuaginta
902 2467 1078 2543 presbyteris
1093 2467 1241 2528 eDomino
1252 2467 1360 2530 dietum
1371 2484 1434 2528 esee
1446 2466 1575 2528 enimed-
1585 2477 1614 2518 ²⁰

442 2569 600 2630 desiimus:
626 2571 661 2628 si
684 2568 845 2628 enierem
871 2569 1044 2642 spiritum
1071 2569 1133 2643 qui
1158 2586 1267 2644 super
1292 2572 1326 2630 ie
1352 2573 1425 2643 ssi,
1453 2573 1489 2630 et
1515 2570 1574 2630 im·

442 2686 569 2744 ponem
593 2685 701 2744 super
724 2685 793 2729 eos.
827 2670 1043 2745 propterquod
1066 2669 1153 2730 eiiein
1174 2670 1327 2730 seeundum
1340 2670 1576 2744 poliioiieiiononn

443 2787 526 2831 suem
543 2771 620 2831 Deus
636 2772 672 2831 eb
687 2769 744 2830 elio
760 2787 794 2830 ex
809 2771 915 2844 spiritu
930 2772 980 2845 qui
995 2787 1082 2846 super
1096 2772 1215 2846 Moysen
1230 2772 1325 2832 fueret
1339 2773 1474 2846 imposuit
1488 2789 1576 2847 snper

441 2871 520 2944 illos,
541 2874 571 2932 οι
593 2872 840 2945 propheionernni
853 2869 884 2929 iu
899 2871 1015 2944 eastris,
1039 2873 1114 2944 quod
1136 2872 1249 2947 Moyses
1272 2875 1305 2932 ιιι
1327 2875 1410 2933 homo
1432 2874 1574 2948 spiritalis

442 2975 485 3034 iis
499 2973 654 3047 ooniigisse
669 2973 823 3047 gaudebat,
839 2973 908 3034 lieet
922 2972 959 3032 eb
971 2973 1037 3034 Iesu
1052 2973 1111 3033 filio
1122 2973 1203 3033 Neue
1214 2976 1246 3032 ιιι
1256 2973 1323 3034 huie
1334 2974 1376 3035 rei
1386 2974 1575 3036 inisrooderei
1585 2987 1614 3029 ss

440 3075 533 3136 inuito
557 3075 740 3147 suedebeion,
766 3077 796 3135 oi
811 3073 916 3136 ideireo
931 3091 988 3135 non
1013 3075 1103 3135 fnisse
1126 3078 1145 3149 †
1165 3077 1319 3148 permotus.
1334 3093 1418 3150 porro
1433 3079 1530 3136 eutem
1545 3077 1576 3136 in

440 3176 515 3235 libro
536 3175 676 3248 ludionm,
696 3174 766 3236 item
780 3175 810 3234 in
825 3175 988 3250 Regnorum
1002 3175 1085 3236 libris
1100 3175 1352 3236 enimedueriimus
1367 3193 1453 3252 super
1466 3176 1575 3252 pleros-

441 3293 496 3352 que
512 3279 563 3337 eui
585 3271 676 3337 fnisse
692 3277 825 3351 spiritum
839 3276 955 3338 Domini
970 3281 1022 3338 sni
1036 3277 1184 3338 insiluisse
1200 3277 1304 3352 ineos,
1329 3281 1473 3352 umqum
1487 3295 1575 3352 snper

441 3378 593 3438 Gothoniel
618 3378 730 3440 Gedeon
753 3379 875 3453 Iophihs
897 3381 1016 3441 Semson
1031 3379 1098 3440 seul
1112 3379 1208 3439 Deuid
1222 3383 1252 3440 ei
1266 3381 1375 3440 eeteros
1390 3379 1472 3440 elios.
1500 3381 1576 3453 quod

441 3496 531 3553 nequo
555 3481 625 3540 edeo
648 3482 690 3541 iis
712 3497 744 3540 se
767 3483 857 3541 hebet
878 3485 912 3542 ιιι
937 3483 1058 3556 spiritns
1084 3481 1182 3540 eeneii.
1196 3483 1298 3554 sponte
1313 3481 1466 3542 eooedendi
1481 3483 1518 3541 eb
1532 3483 1613 3543 eison

439 3581 605 3642 libertatem
620 3600 654 3642 eo
668 3581 833 3644 ieonlieiem
847 3582 1082 3644 manifestissime
1096 3600 1149 3643 nos
1164 3582 1302 3642 Dominus
1317 3582 1444 3643 doonerii
1458 3583 1573 3644 dinone:

441 3683 599 3756 spiritus
623 3685 685 3744 nbi
707 3686 788 3746 nuli
809 3686 945 3760 spiret,
972 3689 1008 3746 ei
1028 3702 1149 3746 nonem
1172 3685 1251 3745 sius
1271 3685 1376 3745 nudie
1395 3688 1432 3746 ei
1451 3686 1574 3747 neseis

440 3786 533 3844 unde
559 3786 683 3847 ueniet
709 3791 772 3848 eui
797 3805 862 3863 quo
888 3789 1007 3849 nedei.
1034 3787 1077 3847 ite
1098 3791 1131 3848 ui
1151 3786 1226 3847 idem
1246 3787 1365 3861 spiritns
1386 3787 1576 3862 siiemsuper

510 3987 544 4039 11
562 3985 622 4040 Aoi.
634 3986 660 4050 2,
679 3986 720 4040 17.
739 3986 782 4042 18.
883 3986 917 4040 21
935 3985 1017 4042 Nnrn.
1036 3987 1078 4050 11,
1098 3987 1138 4040 17.
1242 3987 1334 4042 3210.
1353 3986 1377 4049 d,
1396 3987 1421 4040 s

441 4257 450 4311 1
509 4174 534 4322 i}
544 4173 573 4226 in
592 4189 674 4227 nuum
692 4173 757 4244 Κίρ.
847 4174 961 4242 dusios
978 4173 1105 4242 epiuitnm
1123 4189 1175 4229 om.
1193 4173 1252 4230 eod.
1344 4173 1378 4228 23
1396 4173 1430 4228 ob
1447 4171 1511 4241 olio]
1530 4171 1578 4227 eb·

452 4263 497 4312 eto
530 4265 583 4314 οτι.
