<?xml version="1.0" encoding="UTF-8"?>
<!DOCTYPE html PUBLIC "-//W3C//DTD XHTML 1.0 Transitional//EN"
    "http://www.w3.org/TR/xhtml1/DTD/xhtml1-transitional.dtd">
<html xmlns="http://www.w3.org/1999/xhtml" xml:lang="en" lang="en">
 <head>
  <title>
</title>
<meta http-equiv="Content-Type" content="text/html;charset=utf-8" />
  <meta name='ocr-system' content='tesseract 3.04.00' />
  <meta name='ocr-capabilities' content='ocr_page ocr_carea ocr_par ocr_line ocrx_word'/>
</head>
<body>
  <div class='ocr_page' id='page_1' title='image "./sthascicaecilic02cyprgoog_0411.png"; bbox 0 0 4000 5066; ppageno 0'>
   <div class='ocr_carea' id='block_1_1' title="bbox 431 375 1085 444">
    <p class='ocr_par' dir='ltr' id='par_1_1' title="bbox 431 375 1085 444">
     <span class='ocr_line' id='line_1_1' title="bbox 431 375 1085 444; baseline -0.021 -1"><span class='ocrx_word' id='word_1_1' title='bbox 431 377 497 442; x_wconf 77' lang='grc'><strong>280</strong></span> <span class='ocrx_word' id='word_1_2' title='bbox 903 375 1085 444; x_wconf 74' lang='lat' dir='ltr'><strong>Appendix.</strong></span> 
     </span>
    </p>
   </div>
   <div class='ocr_carea' id='block_1_2' title="bbox 433 533 1606 2551">
    <p class='ocr_par' dir='ltr' id='par_1_2' title="bbox 433 533 1606 2551">
     <span class='ocr_line' id='line_1_2' title="bbox 433 533 1559 608; baseline 0.003 -17"><span class='ocrx_word' id='word_1_3' title='bbox 433 551 469 591; x_wconf 92' lang='lat' dir='ltr'><strong>ne</strong></span> <span class='ocrx_word' id='word_1_4' title='bbox 484 533 593 592; x_wconf 86' lang='lat' dir='ltr'><strong>doleret</strong></span> <span class='ocrx_word' id='word_1_5' title='bbox 606 533 786 592; x_wconf 70' lang='lat' dir='ltr'><strong>excedentem</strong></span> <span class='ocrx_word' id='word_1_6' title='bbox 801 537 909 606; x_wconf 83' lang='lat' dir='ltr'><strong>petrem</strong></span> <span class='ocrx_word' id='word_1_7' title='bbox 926 533 1069 608; x_wconf 86' lang='lat' dir='ltr'><strong>suscipere</strong></span> <span class='ocrx_word' id='word_1_8' title='bbox 1084 533 1242 592; x_wconf 84' lang='lat' dir='ltr'><strong>lestineuit.</strong></span> <span class='ocrx_word' id='word_1_9' title='bbox 1258 551 1314 594; x_wconf 96' lang='lat' dir='ltr'><strong>non</strong></span> <span class='ocrx_word' id='word_1_10' title='bbox 1330 533 1453 594; x_wconf 73' lang='lat' dir='ltr'><strong>emisisti</strong></span> <span class='ocrx_word' id='word_1_11' title='bbox 1465 534 1559 594; x_wconf 70' lang='lat' dir='ltr'><strong>numi·</strong></span> 
     </span>
     <span class='ocr_line' id='line_1_3' title="bbox 434 634 1560 711; baseline 0.003 -17"><span class='ocrx_word' id='word_1_12' title='bbox 434 637 530 696; x_wconf 86' lang='lat' dir='ltr'><strong>monte</strong></span> <span class='ocrx_word' id='word_1_13' title='bbox 545 639 603 696; x_wconf 86' lang='lat' dir='ltr'><strong>tue.</strong></span> <span class='ocrx_word' id='word_1_14' title='bbox 620 635 646 693; x_wconf 95' lang='lat' dir='ltr'><strong>si</strong></span> <span class='ocrx_word' id='word_1_15' title='bbox 660 634 756 694; x_wconf 87' lang='lat' dir='ltr'><strong>luctus</strong></span> <span class='ocrx_word' id='word_1_16' title='bbox 771 635 915 696; x_wconf 78' lang='lat' dir='ltr'><strong>horrueris</strong></span> <span class='ocrx_word' id='word_1_17' title='bbox 930 640 960 696; x_wconf 90' lang='lat' dir='ltr'><strong>et</strong></span> <span class='ocrx_word' id='word_1_18' title='bbox 974 653 1060 698; x_wconf 80' lang='lat' dir='ltr'><strong>senex</strong></span> <span class='ocrx_word' id='word_1_19' title='bbox 1074 636 1214 698; x_wconf 89' lang='lat' dir='ltr'><strong>obtulisse</strong></span> <span class='ocrx_word' id='word_1_20' title='bbox 1228 635 1335 711; x_wconf 83' lang='lat' dir='ltr'><strong>pignus</strong></span> <span class='ocrx_word' id='word_1_21' title='bbox 1349 640 1430 698; x_wconf 87' lang='lat' dir='ltr'><strong>tuum</strong></span> <span class='ocrx_word' id='word_1_22' title='bbox 1441 637 1560 698; x_wconf 90' lang='lat' dir='ltr'><strong>Domino</strong></span> 
     </span>
     <span class='ocr_line' id='line_1_4' title="bbox 434 737 1559 816; baseline 0.002 -18"><span class='ocrx_word' id='word_1_23' title='bbox 434 741 571 812; x_wconf 73' lang='lat' dir='ltr'><strong>deputare</strong></span> <span class='ocrx_word' id='word_1_24' title='bbox 586 737 693 812; x_wconf 86' lang='lat' dir='ltr'><strong>poteris</strong></span> <span class='ocrx_word' id='word_1_25' title='bbox 703 741 731 810; x_wconf 70' lang='lat' dir='ltr'><strong>t,</strong></span> <span class='ocrx_word' id='word_1_26' title='bbox 747 739 902 798; x_wconf 74' lang='lat' dir='ltr'><strong>moundum</strong></span> <span class='ocrx_word' id='word_1_27' title='bbox 919 743 1013 800; x_wconf 85' lang='lat' dir='ltr'><strong>uotum</strong></span> <span class='ocrx_word' id='word_1_28' title='bbox 1028 743 1095 814; x_wconf 91' lang='lat' dir='ltr'><strong>post</strong></span> <span class='ocrx_word' id='word_1_29' title='bbox 1109 740 1266 812; x_wconf 74' lang='lat' dir='ltr'><strong>Abrelrsm,</strong></span> <span class='ocrx_word' id='word_1_30' title='bbox 1290 741 1316 800; x_wconf 86' lang='lat' dir='ltr'><strong>ei</strong></span> <span class='ocrx_word' id='word_1_31' title='bbox 1330 759 1387 800; x_wconf 92' lang='lat' dir='ltr'><strong>non</strong></span> <span class='ocrx_word' id='word_1_32' title='bbox 1402 743 1484 816; x_wconf 91' lang='lat' dir='ltr'><strong>potes</strong></span> <span class='ocrx_word' id='word_1_33' title='bbox 1498 742 1559 814; x_wconf 90' lang='lat' dir='ltr'><strong>pri·</strong></span> 
     </span>
     <span class='ocr_line' id='line_1_5' title="bbox 434 839 1561 914; baseline 0 -14"><span class='ocrx_word' id='word_1_34' title='bbox 434 859 521 911; x_wconf 88' lang='lat' dir='ltr'><strong>mum,</strong></span> <span class='ocrx_word' id='word_1_35' title='bbox 537 844 570 898; x_wconf 89' lang='lat' dir='ltr'><strong>nt</strong></span> <span class='ocrx_word' id='word_1_36' title='bbox 583 840 659 914; x_wconf 83' lang='lat' dir='ltr'><strong>quod</strong></span> <span class='ocrx_word' id='word_1_37' title='bbox 673 839 724 898; x_wconf 88' lang='lat' dir='ltr'><strong>ilie</strong></span> <span class='ocrx_word' id='word_1_38' title='bbox 740 857 795 899; x_wconf 93' lang='lat' dir='ltr'><strong>non</strong></span> <span class='ocrx_word' id='word_1_39' title='bbox 810 840 967 913; x_wconf 78' lang='lat' dir='ltr'><strong>trepidauit</strong></span> <span class='ocrx_word' id='word_1_40' title='bbox 981 841 1081 900; x_wconf 81' lang='lat' dir='ltr'><strong>offerre</strong></span> <span class='ocrx_word' id='word_1_41' title='bbox 1096 843 1129 900; x_wconf 92' lang='lat' dir='ltr'><strong>tu</strong></span> <span class='ocrx_word' id='word_1_42' title='bbox 1143 842 1247 900; x_wconf 87' lang='lat' dir='ltr'><strong>seltern</strong></span> <span class='ocrx_word' id='word_1_43' title='bbox 1262 842 1387 902; x_wconf 88' lang='lat' dir='ltr'><strong>uideeris</strong></span> <span class='ocrx_word' id='word_1_44' title='bbox 1399 843 1434 902; x_wconf 91' lang='lat' dir='ltr'><strong>de</strong></span> <span class='ocrx_word' id='word_1_45' title='bbox 1445 843 1561 902; x_wconf 76' lang='lat' dir='ltr'><strong>subulo</strong></span> 
     </span>
     <span class='ocr_line' id='line_1_6' title="bbox 435 941 1584 1018; baseline 0 -16"><span class='ocrx_word' id='word_1_46' title='bbox 435 943 569 1018; x_wconf 77' lang='lat' dir='ltr'><strong>gaudere.</strong></span> <span class='ocrx_word' id='word_1_47' title='bbox 599 943 636 1002; x_wconf 87' lang='lat' dir='ltr'><strong>eb</strong></span> <span class='ocrx_word' id='word_1_48' title='bbox 659 941 709 1001; x_wconf 94' lang='lat' dir='ltr'><strong>illo</strong></span> <span class='ocrx_word' id='word_1_49' title='bbox 731 941 870 1002; x_wconf 83' lang='lat' dir='ltr'><strong>Dominus</strong></span> <span class='ocrx_word' id='word_1_50' title='bbox 884 942 1049 1016; x_wconf 66' lang='lat' dir='ltr'><strong>postulent,</strong></span> <span class='ocrx_word' id='word_1_51' title='bbox 1072 961 1090 1002; x_wconf 86' lang='lat' dir='ltr'><strong>e</strong></span> <span class='ocrx_word' id='word_1_52' title='bbox 1106 943 1228 1002; x_wconf 87' lang='lat' dir='ltr'><strong>tetulit.</strong></span> <span class='ocrx_word' id='word_1_53' title='bbox 1252 941 1302 1002; x_wconf 90' lang='lat' dir='ltr'><strong>iile</strong></span> <span class='ocrx_word' id='word_1_54' title='bbox 1317 941 1437 1003; x_wconf 87' lang='lat' dir='ltr'><strong>iussioni</strong></span> <span class='ocrx_word' id='word_1_55' title='bbox 1452 943 1584 1018; x_wconf 70' lang='lat' dir='ltr'><strong>perunte</strong></span> 
     </span>
     <span class='ocr_line' id='line_1_7' title="bbox 435 1046 1562 1122; baseline 0.002 -18"><span class='ocrx_word' id='word_1_56' title='bbox 435 1050 468 1105; x_wconf 88' lang='lat' dir='ltr'><strong>tu</strong></span> <span class='ocrx_word' id='word_1_57' title='bbox 481 1046 621 1106; x_wconf 85' lang='lat' dir='ltr'><strong>uolunieti</strong></span> <span class='ocrx_word' id='word_1_58' title='bbox 633 1047 771 1107; x_wconf 88' lang='lat' dir='ltr'><strong>consenti.</strong></span> <span class='ocrx_word' id='word_1_59' title='bbox 784 1047 866 1105; x_wconf 90' lang='lat' dir='ltr'><strong>illum</strong></span> <span class='ocrx_word' id='word_1_60' title='bbox 877 1063 928 1120; x_wconf 85' lang='lat' dir='ltr'><strong>per</strong></span> <span class='ocrx_word' id='word_1_61' title='bbox 940 1047 1070 1106; x_wconf 87' lang='lat' dir='ltr'><strong>illicitsm</strong></span> <span class='ocrx_word' id='word_1_62' title='bbox 1079 1047 1172 1120; x_wconf 89' lang='lat' dir='ltr'><strong>legem</strong></span> <span class='ocrx_word' id='word_1_63' title='bbox 1181 1048 1300 1106; x_wconf 88' lang='lat' dir='ltr'><strong>neturee</strong></span> <span class='ocrx_word' id='word_1_64' title='bbox 1311 1047 1403 1122; x_wconf 80' lang='lat' dir='ltr'><strong>[quern</strong></span> <span class='ocrx_word' id='word_1_65' title='bbox 1415 1046 1562 1106; x_wconf 88' lang='lat' dir='ltr'><strong>Dominusl</strong></span> 
     </span>
     <span class='ocr_line' id='line_1_8' title="bbox 437 1147 1560 1222; baseline -0.002 -17"><span class='ocrx_word' id='word_1_66' title='bbox 437 1147 570 1219; x_wconf 88' lang='lat' dir='ltr'><strong>probenit</strong></span> <span class='ocrx_word' id='word_1_67' title='bbox 584 1148 641 1207; x_wconf 90' lang='lat' dir='ltr'><strong>sibi</strong></span> <span class='ocrx_word' id='word_1_68' title='bbox 657 1149 800 1219; x_wconf 84' lang='lat' dir='ltr'><strong>deuotum,</strong></span> <span class='ocrx_word' id='word_1_69' title='bbox 815 1153 845 1207; x_wconf 83' lang='lat' dir='ltr'><strong>te</strong></span> <span class='ocrx_word' id='word_1_70' title='bbox 860 1147 962 1208; x_wconf 90' lang='lat' dir='ltr'><strong>seltsm</strong></span> <span class='ocrx_word' id='word_1_71' title='bbox 977 1167 1028 1222; x_wconf 85' lang='lat' dir='ltr'><strong>per</strong></span> <span class='ocrx_word' id='word_1_72' title='bbox 1041 1147 1151 1208; x_wconf 88' lang='lat' dir='ltr'><strong>licitem</strong></span> <span class='ocrx_word' id='word_1_73' title='bbox 1167 1149 1361 1209; x_wconf 90' lang='lat' dir='ltr'><strong>condicionem</strong></span> <span class='ocrx_word' id='word_1_74' title='bbox 1376 1147 1560 1207; x_wconf 74' lang='lat' dir='ltr'><strong>mortelitetis</strong></span> 
     </span>
     <span class='ocr_line' id='line_1_9' title="bbox 438 1246 1563 1324; baseline -0.002 -16"><span class='ocrx_word' id='word_1_75' title='bbox 438 1251 557 1310; x_wconf 78' lang='lat' dir='ltr'><strong>annotet</strong></span> <span class='ocrx_word' id='word_1_76' title='bbox 571 1249 747 1323; x_wconf 85' lang='lat' dir='ltr'><strong>religiosum.</strong></span> <span class='ocrx_word' id='word_1_77' title='bbox 763 1268 828 1310; x_wconf 90' lang='lat' dir='ltr'><strong>nem</strong></span> <span class='ocrx_word' id='word_1_78' title='bbox 844 1250 869 1308; x_wconf 92' lang='lat' dir='ltr'><strong>si</strong></span> <span class='ocrx_word' id='word_1_79' title='bbox 887 1267 938 1311; x_wconf 90' lang='lat' dir='ltr'><strong>nec</strong></span> <span class='ocrx_word' id='word_1_80' title='bbox 952 1251 1100 1311; x_wconf 84' lang='lat' dir='ltr'><strong>noluntete</strong></span> <span class='ocrx_word' id='word_1_81' title='bbox 1121 1266 1173 1310; x_wconf 91' lang='lat' dir='ltr'><strong>nec</strong></span> <span class='ocrx_word' id='word_1_82' title='bbox 1193 1251 1364 1312; x_wconf 83' lang='lat' dir='ltr'><strong>necessitete</strong></span> <span class='ocrx_word' id='word_1_83' title='bbox 1387 1246 1563 1324; x_wconf 85' lang='lat' dir='ltr'><strong>compelleris</strong></span> 
     </span>
     <span class='ocr_line' id='line_1_10' title="bbox 438 1348 1563 1427; baseline -0.003 -17"><span class='ocrx_word' id='word_1_84' title='bbox 438 1351 598 1412; x_wconf 88' lang='lat' dir='ltr'><strong>deuotionis</strong></span> <span class='ocrx_word' id='word_1_85' title='bbox 612 1351 848 1425; x_wconf 87' lang='lat' dir='ltr'><strong>Dominonliquid</strong></span> <span class='ocrx_word' id='word_1_86' title='bbox 862 1351 1005 1424; x_wconf 84' lang='lat' dir='ltr'><strong>exhibere,</strong></span> <span class='ocrx_word' id='word_1_87' title='bbox 1018 1353 1048 1412; x_wconf 92' lang='lat' dir='ltr'><strong>iu</strong></span> <span class='ocrx_word' id='word_1_88' title='bbox 1063 1371 1120 1426; x_wconf 87' lang='lat' dir='ltr'><strong>que</strong></span> <span class='ocrx_word' id='word_1_89' title='bbox 1132 1357 1213 1427; x_wconf 89' lang='lat' dir='ltr'><strong>perte</strong></span> <span class='ocrx_word' id='word_1_90' title='bbox 1224 1353 1412 1412; x_wconf 89' lang='lat' dir='ltr'><strong>ehristienum</strong></span> <span class='ocrx_word' id='word_1_91' title='bbox 1423 1348 1563 1424; x_wconf 72' lang='lat' dir='ltr'><strong>inprimis</strong></span> 
     </span>
     <span class='ocr_line' id='line_1_11' title="bbox 439 1449 1600 1528; baseline 0.002 -18"><span class='ocrx_word' id='word_1_92' title='bbox 439 1453 619 1526; x_wconf 79' lang='lat' dir='ltr'><strong>approbare?</strong></span> <span class='ocrx_word' id='word_1_93' title='bbox 635 1454 785 1514; x_wconf 87' lang='lat' dir='ltr'><strong>erubescet</strong></span> <span class='ocrx_word' id='word_1_94' title='bbox 805 1454 989 1514; x_wconf 82' lang='lat' dir='ltr'><strong>ineredulites</strong></span> <span class='ocrx_word' id='word_1_95' title='bbox 1005 1459 1104 1514; x_wconf 87' lang='lat' dir='ltr'><strong>nostre</strong></span> <span class='ocrx_word' id='word_1_96' title='bbox 1128 1473 1181 1515; x_wconf 89' lang='lat' dir='ltr'><strong>nee</strong></span> <span class='ocrx_word' id='word_1_97' title='bbox 1206 1471 1269 1514; x_wconf 90' lang='lat' dir='ltr'><strong>cnm</strong></span> <span class='ocrx_word' id='word_1_98' title='bbox 1292 1453 1448 1528; x_wconf 88' lang='lat' dir='ltr'><strong>gentilibus</strong></span> <span class='ocrx_word' id='word_1_99' title='bbox 1471 1479 1513 1520; x_wconf 72' lang='grc' dir='ltr'><strong>ιι,</strong></span> <span class='ocrx_word' id='word_1_100' title='bbox 1535 1449 1600 1512; x_wconf 80' lang='lat' dir='ltr'><strong>siro</strong></span> 
     </span>
     <span class='ocr_line' id='line_1_12' title="bbox 440 1551 1565 1617; baseline 0 -7"><span class='ocrx_word' id='word_1_101' title='bbox 440 1555 499 1614; x_wconf 88' lang='lat' dir='ltr'><strong>Dee</strong></span> <span class='ocrx_word' id='word_1_102' title='bbox 513 1555 579 1613; x_wconf 91' lang='lat' dir='ltr'><strong>uuit</strong></span> <span class='ocrx_word' id='word_1_103' title='bbox 592 1571 656 1614; x_wconf 89' lang='lat' dir='ltr'><strong>esse</strong></span> <span class='ocrx_word' id='word_1_104' title='bbox 676 1557 811 1616; x_wconf 83' lang='lat' dir='ltr'><strong>enbieote</strong></span> <span class='ocrx_word' id='word_1_105' title='bbox 833 1555 987 1616; x_wconf 89' lang='lat' dir='ltr'><strong>communis</strong></span> <span class='ocrx_word' id='word_1_106' title='bbox 1002 1561 1047 1616; x_wconf 87' lang='lat' dir='ltr'><strong>est</strong></span> <span class='ocrx_word' id='word_1_107' title='bbox 1061 1557 1143 1617; x_wconf 90' lang='lat' dir='ltr'><strong>nobis</strong></span> <span class='ocrx_word' id='word_1_108' title='bbox 1158 1555 1297 1616; x_wconf 87' lang='lat' dir='ltr'><strong>cumillis</strong></span> <span class='ocrx_word' id='word_1_109' title='bbox 1312 1556 1405 1615; x_wconf 85' lang='lat' dir='ltr'><strong>exitus</strong></span> <span class='ocrx_word' id='word_1_110' title='bbox 1420 1551 1519 1612; x_wconf 85' lang='lat' dir='ltr'><strong>mortis</strong></span> <span class='ocrx_word' id='word_1_111' title='bbox 1533 1555 1565 1610; x_wconf 91' lang='lat' dir='ltr'><strong>et</strong></span> 
     </span>
     <span class='ocr_line' id='line_1_13' title="bbox 440 1654 1564 1731; baseline -0.002 -17"><span class='ocrx_word' id='word_1_112' title='bbox 440 1657 552 1714; x_wconf 90' lang='lat' dir='ltr'><strong>dolores</strong></span> <span class='ocrx_word' id='word_1_113' title='bbox 566 1657 679 1716; x_wconf 91' lang='lat' dir='ltr'><strong>illorum</strong></span> <span class='ocrx_word' id='word_1_114' title='bbox 694 1673 861 1730; x_wconf 87' lang='lat' dir='ltr'><strong>superemus</strong></span> <span class='ocrx_word' id='word_1_115' title='bbox 876 1658 1020 1718; x_wconf 89' lang='lat' dir='ltr'><strong>doloribus</strong></span> <span class='ocrx_word' id='word_1_116' title='bbox 1033 1659 1149 1719; x_wconf 86' lang='lat' dir='ltr'><strong>nostris.</strong></span> <span class='ocrx_word' id='word_1_117' title='bbox 1176 1659 1245 1731; x_wconf 84' lang='lat' dir='ltr'><strong>quid</strong></span> <span class='ocrx_word' id='word_1_118' title='bbox 1260 1673 1406 1730; x_wconf 77' lang='lat' dir='ltr'><strong>egenorum</strong></span> <span class='ocrx_word' id='word_1_119' title='bbox 1428 1654 1454 1714; x_wconf 89' lang='lat' dir='ltr'><strong>si</strong></span> <span class='ocrx_word' id='word_1_120' title='bbox 1476 1669 1564 1726; x_wconf 89' lang='lat' dir='ltr'><strong>poeu-</strong></span> 
     </span>
     <span class='ocr_line' id='line_1_14' title="bbox 440 1757 1561 1834; baseline -0.001 -20"><span class='ocrx_word' id='word_1_121' title='bbox 440 1757 512 1818; x_wconf 88' lang='lat' dir='ltr'><strong>lisre</strong></span> <span class='ocrx_word' id='word_1_122' title='bbox 539 1758 650 1831; x_wconf 76' lang='lat' dir='ltr'><strong>aliquid</strong></span> <span class='ocrx_word' id='word_1_123' title='bbox 674 1759 833 1831; x_wconf 73' lang='lat' dir='ltr'><strong>exigeretur</strong></span> <span class='ocrx_word' id='word_1_124' title='bbox 853 1761 988 1820; x_wconf 79' lang='lat' dir='ltr'><strong>euobis?</strong></span> <span class='ocrx_word' id='word_1_125' title='bbox 1012 1760 1177 1834; x_wconf 85' lang='lat' dir='ltr'><strong>quidquod</strong></span> <span class='ocrx_word' id='word_1_126' title='bbox 1202 1761 1240 1819; x_wconf 89' lang='lat' dir='ltr'><strong>ed</strong></span> <span class='ocrx_word' id='word_1_127' title='bbox 1267 1761 1386 1818; x_wconf 79' lang='lat' dir='ltr'><strong>dedecus</strong></span> <span class='ocrx_word' id='word_1_128' title='bbox 1411 1758 1561 1815; x_wconf 79' lang='lat' dir='ltr'><strong>nostrum?</strong></span> 
     </span>
     <span class='ocr_line' id='line_1_15' title="bbox 441 1858 1562 1935; baseline -0.002 -15"><span class='ocrx_word' id='word_1_129' title='bbox 441 1859 566 1935; x_wconf 78' lang='lat' dir='ltr'><strong>gentiles</strong></span> <span class='ocrx_word' id='word_1_130' title='bbox 581 1861 693 1921; x_wconf 90' lang='lat' dir='ltr'><strong>dolores</strong></span> <span class='ocrx_word' id='word_1_131' title='bbox 707 1879 792 1934; x_wconf 88' lang='lat' dir='ltr'><strong>sespe</strong></span> <span class='ocrx_word' id='word_1_132' title='bbox 807 1865 997 1934; x_wconf 88' lang='lat' dir='ltr'><strong>contemnunt,</strong></span> <span class='ocrx_word' id='word_1_133' title='bbox 1013 1879 1077 1922; x_wconf 89' lang='lat' dir='ltr'><strong>eum</strong></span> <span class='ocrx_word' id='word_1_134' title='bbox 1092 1879 1148 1920; x_wconf 95' lang='lat' dir='ltr'><strong>non</strong></span> <span class='ocrx_word' id='word_1_135' title='bbox 1163 1863 1200 1921; x_wconf 93' lang='lat' dir='ltr'><strong>ed</strong></span> <span class='ocrx_word' id='word_1_136' title='bbox 1214 1862 1355 1934; x_wconf 89' lang='lat' dir='ltr'><strong>promisse</strong></span> <span class='ocrx_word' id='word_1_137' title='bbox 1367 1858 1504 1918; x_wconf 82' lang='lat' dir='ltr'><strong>cselestie</strong></span> <span class='ocrx_word' id='word_1_138' title='bbox 1513 1858 1562 1918; x_wconf 91' lang='lat' dir='ltr'><strong>sed</strong></span> 
     </span>
     <span class='ocr_line' id='line_1_16' title="bbox 441 1959 1602 2038; baseline 0.003 -18"><span class='ocrx_word' id='word_1_139' title='bbox 441 1963 478 2020; x_wconf 83' lang='lat' dir='ltr'><strong>ed</strong></span> <span class='ocrx_word' id='word_1_140' title='bbox 493 1979 600 2035; x_wconf 91' lang='lat' dir='ltr'><strong>poenes</strong></span> <span class='ocrx_word' id='word_1_141' title='bbox 615 1964 718 2021; x_wconf 89' lang='lat' dir='ltr'><strong>terteri</strong></span> <span class='ocrx_word' id='word_1_142' title='bbox 732 1963 887 2036; x_wconf 86' lang='lat' dir='ltr'><strong>repientnn.</strong></span> <span class='ocrx_word' id='word_1_143' title='bbox 904 1968 934 2022; x_wconf 91' lang='lat' dir='ltr'><strong>et</strong></span> <span class='ocrx_word' id='word_1_144' title='bbox 948 1981 1002 2023; x_wconf 86' lang='lat' dir='ltr'><strong>nos</strong></span> <span class='ocrx_word' id='word_1_145' title='bbox 1016 1965 1177 2038; x_wconf 78' lang='lat' dir='ltr'><strong>plangimus</strong></span> <span class='ocrx_word' id='word_1_146' title='bbox 1192 1967 1294 2022; x_wconf 90' lang='lat' dir='ltr'><strong>euntes</strong></span> <span class='ocrx_word' id='word_1_147' title='bbox 1307 1963 1344 2020; x_wconf 89' lang='lat' dir='ltr'><strong>ed</strong></span> <span class='ocrx_word' id='word_1_148' title='bbox 1359 1959 1477 2019; x_wconf 85' lang='lat' dir='ltr'><strong>osclum.</strong></span> <span class='ocrx_word' id='word_1_149' title='bbox 1500 1976 1568 2020; x_wconf 90' lang='lat' dir='ltr'><strong>con-</strong></span> <span class='ocrx_word' id='word_1_150' title='bbox 1579 1983 1602 2022; x_wconf 81' lang='grc' dir='ltr'><strong>ιι</strong></span> 
     </span>
     <span class='ocr_line' id='line_1_17' title="bbox 443 2061 1565 2138; baseline -0.003 -17"><span class='ocrx_word' id='word_1_151' title='bbox 443 2064 552 2123; x_wconf 86' lang='lat' dir='ltr'><strong>sidoret</strong></span> <span class='ocrx_word' id='word_1_152' title='bbox 567 2063 742 2124; x_wconf 89' lang='lat' dir='ltr'><strong>ehristienus</strong></span> <span class='ocrx_word' id='word_1_153' title='bbox 755 2065 824 2123; x_wconf 89' lang='lat' dir='ltr'><strong>telis</strong></span> <span class='ocrx_word' id='word_1_154' title='bbox 839 2066 908 2137; x_wconf 90' lang='lat' dir='ltr'><strong>quid</strong></span> <span class='ocrx_word' id='word_1_155' title='bbox 923 2066 1056 2138; x_wconf 88' lang='lat' dir='ltr'><strong>deinceps</strong></span> <span class='ocrx_word' id='word_1_156' title='bbox 1082 2068 1225 2125; x_wconf 81' lang='lat' dir='ltr'><strong>mercetur</strong></span> <span class='ocrx_word' id='word_1_157' title='bbox 1246 2067 1294 2137; x_wconf 85' lang='lat' dir='ltr'><strong>qui</strong></span> <span class='ocrx_word' id='word_1_158' title='bbox 1309 2079 1362 2121; x_wconf 92' lang='lat' dir='ltr'><strong>nee</strong></span> <span class='ocrx_word' id='word_1_159' title='bbox 1374 2061 1481 2120; x_wconf 88' lang='lat' dir='ltr'><strong>imiteri</strong></span> <span class='ocrx_word' id='word_1_160' title='bbox 1495 2077 1565 2120; x_wconf 90' lang='lat' dir='ltr'><strong>een-</strong></span> 
     </span>
     <span class='ocr_line' id='line_1_18' title="bbox 444 2163 1566 2242; baseline -0.002 -18"><span class='ocrx_word' id='word_1_161' title='bbox 444 2165 539 2225; x_wconf 85' lang='lat' dir='ltr'><strong>teudit</strong></span> <span class='ocrx_word' id='word_1_162' title='bbox 553 2166 683 2240; x_wconf 87' lang='lat' dir='ltr'><strong>exemple</strong></span> <span class='ocrx_word' id='word_1_163' title='bbox 698 2169 859 2227; x_wconf 75' lang='lat' dir='ltr'><strong>sanctornm</strong></span> <span class='ocrx_word' id='word_1_164' title='bbox 874 2185 927 2226; x_wconf 87' lang='lat' dir='ltr'><strong>nec</strong></span> <span class='ocrx_word' id='word_1_165' title='bbox 941 2170 1132 2242; x_wconf 87' lang='lat' dir='ltr'><strong>contemptum</strong></span> <span class='ocrx_word' id='word_1_166' title='bbox 1147 2167 1253 2226; x_wconf 88' lang='lat' dir='ltr'><strong>hebere</strong></span> <span class='ocrx_word' id='word_1_167' title='bbox 1265 2163 1428 2238; x_wconf 80' lang='lat' dir='ltr'><strong>gentilium.</strong></span> <span class='ocrx_word' id='word_1_168' title='bbox 1444 2163 1489 2222; x_wconf 94' lang='lat' dir='ltr'><strong>illi</strong></span> <span class='ocrx_word' id='word_1_169' title='bbox 1504 2163 1566 2222; x_wconf 90' lang='lat' dir='ltr'><strong>luc·</strong></span> 
     </span>
     <span class='ocr_line' id='line_1_19' title="bbox 444 2272 1567 2346; baseline -0.004 -16"><span class='ocrx_word' id='word_1_170' title='bbox 444 2277 493 2331; x_wconf 87' lang='lat' dir='ltr'><strong>tus</strong></span> <span class='ocrx_word' id='word_1_171' title='bbox 507 2273 681 2344; x_wconf 86' lang='lat' dir='ltr'><strong>despereudo</strong></span> <span class='ocrx_word' id='word_1_172' title='bbox 696 2273 866 2344; x_wconf 85' lang='lat' dir='ltr'><strong>despicient,</strong></span> <span class='ocrx_word' id='word_1_173' title='bbox 894 2277 924 2333; x_wconf 91' lang='lat' dir='ltr'><strong>et</strong></span> <span class='ocrx_word' id='word_1_174' title='bbox 943 2291 996 2332; x_wconf 91' lang='lat' dir='ltr'><strong>nos</strong></span> <span class='ocrx_word' id='word_1_175' title='bbox 1010 2274 1148 2346; x_wconf 88' lang='lat' dir='ltr'><strong>sporeudo</strong></span> <span class='ocrx_word' id='word_1_176' title='bbox 1178 2272 1322 2344; x_wconf 81' lang='lat' dir='ltr'><strong>despicere</strong></span> <span class='ocrx_word' id='word_1_177' title='bbox 1347 2287 1403 2328; x_wconf 91' lang='lat' dir='ltr'><strong>non</strong></span> <span class='ocrx_word' id='word_1_178' title='bbox 1424 2285 1567 2328; x_wconf 86' lang='lat' dir='ltr'><strong>conemur.</strong></span> 
     </span>
     <span class='ocr_line' id='line_1_20' title="bbox 446 2371 1567 2448; baseline -0.005 -14"><span class='ocrx_word' id='word_1_179' title='bbox 446 2375 567 2448; x_wconf 89' lang='lat' dir='ltr'><strong>denique</strong></span> <span class='ocrx_word' id='word_1_180' title='bbox 583 2375 704 2432; x_wconf 89' lang='lat' dir='ltr'><strong>uendere</strong></span> <span class='ocrx_word' id='word_1_181' title='bbox 719 2374 824 2432; x_wconf 87' lang='lat' dir='ltr'><strong>liberos</strong></span> <span class='ocrx_word' id='word_1_182' title='bbox 839 2391 923 2446; x_wconf 88' lang='lat' dir='ltr'><strong>seepe</strong></span> <span class='ocrx_word' id='word_1_183' title='bbox 938 2391 995 2433; x_wconf 92' lang='lat' dir='ltr'><strong>nen</strong></span> <span class='ocrx_word' id='word_1_184' title='bbox 1010 2375 1153 2444; x_wconf 84' lang='lat' dir='ltr'><strong>dubitent,</strong></span> <span class='ocrx_word' id='word_1_185' title='bbox 1170 2377 1203 2432; x_wconf 89' lang='lat' dir='ltr'><strong>ut</strong></span> <span class='ocrx_word' id='word_1_186' title='bbox 1215 2371 1307 2442; x_wconf 86' lang='lat' dir='ltr'><strong>uiuos,</strong></span> <span class='ocrx_word' id='word_1_187' title='bbox 1329 2371 1404 2444; x_wconf 85' lang='lat' dir='ltr'><strong>quod</strong></span> <span class='ocrx_word' id='word_1_188' title='bbox 1419 2371 1499 2442; x_wconf 90' lang='lat' dir='ltr'><strong>peius</strong></span> <span class='ocrx_word' id='word_1_189' title='bbox 1513 2371 1567 2442; x_wconf 84' lang='lat' dir='ltr'><strong>est,</strong></span> 
     </span>
     <span class='ocr_line' id='line_1_21' title="bbox 446 2471 1606 2551; baseline -0.005 -13"><span class='ocrx_word' id='word_1_190' title='bbox 446 2481 591 2551; x_wconf 85' lang='lat' dir='ltr'><strong>spernent.</strong></span> <span class='ocrx_word' id='word_1_191' title='bbox 622 2479 653 2534; x_wconf 91' lang='lat' dir='ltr'><strong>et</strong></span> <span class='ocrx_word' id='word_1_192' title='bbox 667 2495 717 2534; x_wconf 91' lang='lat' dir='ltr'><strong>uos</strong></span> <span class='ocrx_word' id='word_1_193' title='bbox 730 2492 781 2534; x_wconf 90' lang='lat' dir='ltr'><strong>nec</strong></span> <span class='ocrx_word' id='word_1_194' title='bbox 796 2476 991 2536; x_wconf 76' lang='lat' dir='ltr'><strong>defunctorum</strong></span> <span class='ocrx_word' id='word_1_195' title='bbox 1011 2475 1106 2535; x_wconf 87' lang='lat' dir='ltr'><strong>obitus</strong></span> <span class='ocrx_word' id='word_1_196' title='bbox 1121 2476 1283 2546; x_wconf 82' lang='lat' dir='ltr'><strong>sublucent,</strong></span> <span class='ocrx_word' id='word_1_197' title='bbox 1303 2473 1431 2531; x_wconf 77' lang='lat' dir='ltr'><strong>sublatos</strong></span> <span class='ocrx_word' id='word_1_198' title='bbox 1446 2471 1568 2545; x_wconf 88' lang='lat' dir='ltr'><strong>ceptiui-</strong></span> <span class='ocrx_word' id='word_1_199' title='bbox 1579 2493 1606 2532; x_wconf 77' lang='lat' dir='ltr'><strong>eo</strong></span> 
     </span>
    </p>
   </div>
   <div class='ocr_carea' id='block_1_3' title="bbox 449 2719 1586 4335">
    <p class='ocr_par' dir='ltr' id='par_1_3' title="bbox 449 2719 1586 4335">
     <span class='ocr_line' id='line_1_22' title="bbox 521 2719 1574 2794; baseline -0.008 -14"><span class='ocrx_word' id='word_1_200' title='bbox 521 2728 535 2780; x_wconf 87' lang='lat'>1</span> <span class='ocrx_word' id='word_1_201' title='bbox 555 2728 687 2794; x_wconf 85' lang='lat' dir='ltr'><strong>suscipere</strong></span> <span class='ocrx_word' id='word_1_202' title='bbox 705 2741 755 2779; x_wconf 81' lang='lat' dir='ltr'><strong>orn.</strong></span> <span class='ocrx_word' id='word_1_203' title='bbox 774 2726 800 2778; x_wconf 99' lang='grc' dir='ltr'><em>Ζ</em></span> <span class='ocrx_word' id='word_1_204' title='bbox 901 2741 954 2780; x_wconf 90' lang='lat' dir='ltr'><strong>non</strong></span> <span class='ocrx_word' id='word_1_205' title='bbox 973 2725 1101 2794; x_wconf 85' lang='lat' dir='ltr'><strong>muisisti]</strong></span> <span class='ocrx_word' id='word_1_206' title='bbox 1120 2723 1218 2776; x_wconf 89' lang='lat' dir='ltr'><strong>misisti</strong></span> <span class='ocrx_word' id='word_1_207' title='bbox 1236 2723 1291 2789; x_wconf 73' lang='lat' dir='ltr'><strong>reli</strong></span> <span class='ocrx_word' id='word_1_208' title='bbox 1388 2721 1470 2774; x_wconf 67' lang='lat' dir='ltr'><strong>itus</strong></span> <span class='ocrx_word' id='word_1_209' title='bbox 1487 2719 1574 2774; x_wconf 89' lang='lat' dir='ltr'><strong>nntri-</strong></span> 
     </span>
     <span class='ocr_line' id='line_1_23' title="bbox 449 2807 1576 2880; baseline -0.01 -14"><span class='ocrx_word' id='word_1_210' title='bbox 449 2815 542 2866; x_wconf 86' lang='lat' dir='ltr'><strong>monte</strong></span> <span class='ocrx_word' id='word_1_211' title='bbox 561 2813 616 2880; x_wconf 83' lang='lat' dir='ltr'><strong>Ze,·</strong></span> <span class='ocrx_word' id='word_1_212' title='bbox 634 2812 735 2866; x_wconf 87' lang='lat' dir='ltr'><strong>christo</strong></span> <span class='ocrx_word' id='word_1_213' title='bbox 754 2811 855 2866; x_wconf 76' lang='lat' dir='ltr'><strong>aede</strong></span> <span class='ocrx_word' id='word_1_214' title='bbox 977 2811 1000 2864; x_wconf 94' lang='lat' dir='ltr'><strong>si</strong></span> <span class='ocrx_word' id='word_1_215' title='bbox 1018 2826 1067 2864; x_wconf 75' lang='lat' dir='ltr'><strong>cers</strong></span> <span class='ocrx_word' id='word_1_216' title='bbox 1086 2810 1113 2863; x_wconf 87' lang='grc' dir='ltr'><em>Ζ</em></span> <span class='ocrx_word' id='word_1_217' title='bbox 1229 2807 1333 2860; x_wconf 88' lang='lat' dir='ltr'><strong>luctum</strong></span> <span class='ocrx_word' id='word_1_218' title='bbox 1350 2807 1385 2860; x_wconf 82' lang='lat' dir='ltr'><strong>le</strong></span> <span class='ocrx_word' id='word_1_219' title='bbox 1498 2819 1576 2856; x_wconf 85' lang='lat' dir='ltr'><strong>senex</strong></span> 
     </span>
     <span class='ocr_line' id='line_1_24' title="bbox 449 2889 1574 2964; baseline -0.007 -15"><span class='ocrx_word' id='word_1_220' title='bbox 449 2915 498 2950; x_wconf 64' lang='lat' dir='ltr'><strong>uno.</strong></span> <span class='ocrx_word' id='word_1_221' title='bbox 518 2898 560 2951; x_wconf 81' lang='lat' dir='ltr'><strong>Zle</strong></span> <span class='ocrx_word' id='word_1_222' title='bbox 684 2899 713 2948; x_wconf 88' lang='lat' dir='ltr'><strong>te</strong></span> <span class='ocrx_word' id='word_1_223' title='bbox 731 2895 862 2949; x_wconf 88' lang='lat' dir='ltr'><strong>obtulisse</strong></span> <span class='ocrx_word' id='word_1_224' title='bbox 880 2911 906 2964; x_wconf 91' lang='lat' dir='ltr'><strong>p.</strong></span> <span class='ocrx_word' id='word_1_225' title='bbox 926 2898 948 2948; x_wconf 89' lang='lat' dir='ltr'><strong>t.</strong></span> <span class='ocrx_word' id='word_1_226' title='bbox 966 2896 1016 2958; x_wconf 80' lang='grc' dir='ltr'><em>ΖΙι,</em></span> <span class='ocrx_word' id='word_1_227' title='bbox 1035 2897 1110 2948; x_wconf 88' lang='lat' dir='ltr'><strong>tunm</strong></span> <span class='ocrx_word' id='word_1_228' title='bbox 1128 2891 1262 2946; x_wconf 85' lang='lat' dir='ltr'><strong>obtulisse</strong></span> <span class='ocrx_word' id='word_1_229' title='bbox 1279 2893 1412 2959; x_wconf 86' lang='lat' dir='ltr'><strong>pignuse</strong></span> <span class='ocrx_word' id='word_1_230' title='bbox 1527 2889 1574 2942; x_wconf 86' lang='lat' dir='ltr'><strong>do-</strong></span> 
     </span>
     <span class='ocr_line' id='line_1_25' title="bbox 451 2973 1576 3050; baseline -0.009 -14"><span class='ocrx_word' id='word_1_231' title='bbox 451 2985 524 3036; x_wconf 75' lang='lat' dir='ltr'><strong>nnino</strong></span> <span class='ocrx_word' id='word_1_232' title='bbox 542 2981 688 3050; x_wconf 84' lang='lat' dir='ltr'><strong>gretnleris</strong></span> <span class='ocrx_word' id='word_1_233' title='bbox 706 2983 732 3035; x_wconf 91' lang='grc' dir='ltr'><em>Ζ</em></span> <span class='ocrx_word' id='word_1_234' title='bbox 834 2981 992 3050; x_wconf 70' lang='lat' dir='ltr'><strong>coepulari</strong></span> <span class='ocrx_word' id='word_1_235' title='bbox 1011 2981 1090 3048; x_wconf 75' lang='lat' dir='ltr'><strong>ert</strong></span> <span class='ocrx_word' id='word_1_236' title='bbox 1198 2976 1310 3046; x_wconf 85' lang='lat' dir='ltr'><strong>peteris]</strong></span> <span class='ocrx_word' id='word_1_237' title='bbox 1329 2979 1404 3044; x_wconf 87' lang='lat' dir='ltr'><strong>potes</strong></span> <span class='ocrx_word' id='word_1_238' title='bbox 1422 2975 1454 3038; x_wconf 87' lang='lat' dir='ltr'><strong>Z,</strong></span> <span class='ocrx_word' id='word_1_239' title='bbox 1472 2973 1576 3043; x_wconf 87' lang='lat' dir='ltr'><strong>poteris</strong></span> 
     </span>
     <span class='ocr_line' id='line_1_26' title="bbox 450 3059 1508 3138; baseline -0.012 -15"><span class='ocrx_word' id='word_1_240' title='bbox 450 3070 527 3138; x_wconf 87' lang='lat' dir='ltr'><strong>petes</strong></span> <span class='ocrx_word' id='word_1_241' title='bbox 544 3085 562 3122; x_wconf 90' lang='lat' dir='ltr'><strong>o</strong></span> <span class='ocrx_word' id='word_1_242' title='bbox 733 3065 832 3121; x_wconf 87' lang='lat' dir='ltr'><strong>hebere</strong></span> <span class='ocrx_word' id='word_1_243' title='bbox 849 3069 910 3135; x_wconf 87' lang='lat' dir='ltr'><strong>poet</strong></span> <span class='ocrx_word' id='word_1_244' title='bbox 929 3066 977 3128; x_wconf 83' lang='lat' dir='ltr'><strong>Ze,</strong></span> <span class='ocrx_word' id='word_1_245' title='bbox 995 3067 1057 3134; x_wconf 88' lang='lat' dir='ltr'><strong>post</strong></span> <span class='ocrx_word' id='word_1_246' title='bbox 1073 3083 1100 3132; x_wconf 87' lang='grc' dir='ltr'><strong>μ,</strong></span> <span class='ocrx_word' id='word_1_247' title='bbox 1120 3077 1169 3116; x_wconf 80' lang='lat' dir='ltr'><strong>ere.</strong></span> <span class='ocrx_word' id='word_1_248' title='bbox 1188 3078 1213 3125; x_wconf 87' lang='lat' dir='ltr'><strong>r,</strong></span> <span class='ocrx_word' id='word_1_249' title='bbox 1230 3063 1308 3114; x_wconf 89' lang='lat' dir='ltr'><strong>tuum</strong></span> <span class='ocrx_word' id='word_1_250' title='bbox 1327 3059 1396 3114; x_wconf 83' lang='lat' dir='ltr'><strong>hebo</strong></span> <span class='ocrx_word' id='word_1_251' title='bbox 1412 3059 1508 3128; x_wconf 84' lang='lat' dir='ltr'><strong>pesile</strong></span> 
     </span>
     <span class='ocr_line' id='line_1_27' title="bbox 451 3144 1577 3222; baseline -0.012 -14"><span class='ocrx_word' id='word_1_252' title='bbox 451 3156 580 3222; x_wconf 62' lang='lat' dir='ltr'><strong>potestus</strong></span> <span class='ocrx_word' id='word_1_253' title='bbox 684 3149 1075 3220; x_wconf 79' lang='lat' dir='ltr'><strong>etrepideuit1dubieebste</strong></span> <span class='ocrx_word' id='word_1_254' title='bbox 1186 3148 1218 3201; x_wconf 89' lang='lat' dir='ltr'><strong>tu</strong></span> <span class='ocrx_word' id='word_1_255' title='bbox 1236 3161 1289 3201; x_wconf 84' lang='lat' dir='ltr'><strong>em.</strong></span> <span class='ocrx_word' id='word_1_256' title='bbox 1308 3145 1334 3198; x_wconf 83' lang='lat' dir='ltr'><strong><em>Z</em></strong></span> <span class='ocrx_word' id='word_1_257' title='bbox 1434 3144 1577 3197; x_wconf 78' lang='lat' dir='ltr'><strong>dcensen-</strong></span> 
     </span>
     <span class='ocr_line' id='line_1_28' title="bbox 451 3225 1577 3302; baseline -0.013 -9"><span class='ocrx_word' id='word_1_258' title='bbox 451 3241 506 3293; x_wconf 91' lang='lat' dir='ltr'><strong>ties</strong></span> <span class='ocrx_word' id='word_1_259' title='bbox 523 3240 549 3302; x_wconf 82' lang='lat' dir='ltr'><strong>le,</strong></span> <span class='ocrx_word' id='word_1_260' title='bbox 567 3237 702 3292; x_wconf 89' lang='lat' dir='ltr'><strong>consensit</strong></span> <span class='ocrx_word' id='word_1_261' title='bbox 715 3237 747 3302; x_wconf 83' lang='lat' dir='ltr'><strong>Z,</strong></span> <span class='ocrx_word' id='word_1_262' title='bbox 767 3236 926 3290; x_wconf 89' lang='lat' dir='ltr'><strong>consensisti</strong></span> <span class='ocrx_word' id='word_1_263' title='bbox 944 3251 960 3290; x_wconf 90' lang='lat' dir='ltr'><strong>o</strong></span> <span class='ocrx_word' id='word_1_264' title='bbox 1028 3234 1104 3288; x_wconf 89' lang='lat' dir='ltr'><strong>illum</strong></span> <span class='ocrx_word' id='word_1_265' title='bbox 1118 3233 1143 3295; x_wconf 86' lang='grc' dir='ltr'><strong>Ιι,</strong></span> <span class='ocrx_word' id='word_1_266' title='bbox 1163 3231 1211 3284; x_wconf 91' lang='lat' dir='ltr'><strong>ille</strong></span> <span class='ocrx_word' id='word_1_267' title='bbox 1224 3230 1286 3298; x_wconf 81' lang='grc' dir='ltr'><em>Ζμι·</em></span> <span class='ocrx_word' id='word_1_268' title='bbox 1356 3243 1433 3295; x_wconf 90' lang='lat' dir='ltr'><strong>quem</strong></span> <span class='ocrx_word' id='word_1_269' title='bbox 1452 3225 1577 3281; x_wconf 87' lang='lat' dir='ltr'><strong>domiuus</strong></span> 
     </span>
     <span class='ocr_line' id='line_1_29' title="bbox 452 3311 1512 3392; baseline -0.012 -15"><span class='ocrx_word' id='word_1_270' title='bbox 452 3340 502 3377; x_wconf 78' lang='lat' dir='ltr'><strong>erre</strong></span> <span class='ocrx_word' id='word_1_271' title='bbox 520 3323 576 3392; x_wconf 81' lang='lat' dir='ltr'><strong>rpls</strong></span> <span class='ocrx_word' id='word_1_272' title='bbox 713 3321 802 3375; x_wconf 75' lang='lat' dir='ltr'><strong>&#39;leiti</strong></span> <span class='ocrx_word' id='word_1_273' title='bbox 819 3321 945 3388; x_wconf 83' lang='lat' dir='ltr'><strong>probnnit</strong></span> <span class='ocrx_word' id='word_1_274' title='bbox 962 3321 1000 3372; x_wconf 83' lang='lat' dir='ltr'><strong>Ze</strong></span> <span class='ocrx_word' id='word_1_275' title='bbox 1138 3331 1184 3385; x_wconf 90' lang='lat' dir='ltr'><strong>per</strong></span> <span class='ocrx_word' id='word_1_276' title='bbox 1196 3357 1202 3368; x_wconf 91' lang='lat'>.</span> <span class='ocrx_word' id='word_1_277' title='bbox 1213 3314 1400 3383; x_wconf 82' lang='lat' dir='ltr'><strong>..religiosum</strong></span> <span class='ocrx_word' id='word_1_278' title='bbox 1419 3329 1469 3366; x_wconf 90' lang='grc' dir='ltr'><strong>οιιι.</strong></span> <span class='ocrx_word' id='word_1_279' title='bbox 1488 3311 1512 3364; x_wconf 89' lang='grc' dir='ltr'><em>Ζ</em></span> 
     </span>
     <span class='ocr_line' id='line_1_30' title="bbox 454 3396 1576 3478; baseline -0.013 -15"><span class='ocrx_word' id='word_1_280' title='bbox 454 3409 621 3478; x_wconf 80' lang='lat' dir='ltr'><strong>illicitemp</strong></span> <span class='ocrx_word' id='word_1_281' title='bbox 727 3406 910 3475; x_wconf 82' lang='lat' dir='ltr'><strong>ruorteiitetie]</strong></span> <span class='ocrx_word' id='word_1_282' title='bbox 930 3404 1104 3473; x_wconf 69' lang='lat' dir='ltr'><strong>religionisve</strong></span> <span class='ocrx_word' id='word_1_283' title='bbox 1207 3400 1354 3455; x_wconf 87' lang='lat' dir='ltr'><strong>8eduocet</strong></span> <span class='ocrx_word' id='word_1_284' title='bbox 1372 3399 1525 3466; x_wconf 82' lang='lat' dir='ltr'><strong>religiosum</strong></span> <span class='ocrx_word' id='word_1_285' title='bbox 1543 3396 1576 3457; x_wconf 90' lang='grc' dir='ltr'><em>Ζ,</em></span> 
     </span>
     <span class='ocr_line' id='line_1_31' title="bbox 453 3481 1579 3563; baseline -0.013 -14"><span class='ocrx_word' id='word_1_286' title='bbox 453 3497 566 3550; x_wconf 85' lang='lat' dir='ltr'><strong>ennetet</strong></span> <span class='ocrx_word' id='word_1_287' title='bbox 582 3493 738 3563; x_wconf 84' lang='lat' dir='ltr'><strong>religiosum</strong></span> <span class='ocrx_word' id='word_1_288' title='bbox 756 3491 868 3546; x_wconf 86' lang='lat' dir='ltr'><strong>ednecot</strong></span> <span class='ocrx_word' id='word_1_289' title='bbox 886 3491 1043 3558; x_wconf 85' lang='lat' dir='ltr'><strong>religiosum</strong></span> <span class='ocrx_word' id='word_1_290' title='bbox 1062 3505 1078 3544; x_wconf 86' lang='lat' dir='ltr'><strong>e</strong></span> <span class='ocrx_word' id='word_1_291' title='bbox 1216 3502 1280 3540; x_wconf 90' lang='lat' dir='ltr'><strong>nem</strong></span> <span class='ocrx_word' id='word_1_292' title='bbox 1298 3485 1402 3538; x_wconf 89' lang='lat' dir='ltr'><strong>si...l.</strong></span> <span class='ocrx_word' id='word_1_293' title='bbox 1421 3487 1438 3534; x_wconf 86' lang='grc'><strong><em>9</em></strong></span> <span class='ocrx_word' id='word_1_294' title='bbox 1455 3481 1579 3536; x_wconf 87' lang='lat' dir='ltr'><strong>exhibere</strong></span> 
     </span>
     <span class='ocr_line' id='line_1_32' title="bbox 454 3565 1580 3648; baseline -0.015 -13"><span class='ocrx_word' id='word_1_295' title='bbox 454 3581 543 3635; x_wconf 77' lang='lat' dir='ltr'><strong>om.ls</strong></span> <span class='ocrx_word' id='word_1_296' title='bbox 657 3578 681 3632; x_wconf 92' lang='lat' dir='ltr'><strong>si</strong></span> <span class='ocrx_word' id='word_1_297' title='bbox 698 3578 754 3648; x_wconf 89' lang='lat' dir='ltr'><strong>nec]</strong></span> <span class='ocrx_word' id='word_1_298' title='bbox 773 3577 831 3631; x_wconf 87' lang='lat' dir='ltr'><strong>siue</strong></span> <span class='ocrx_word' id='word_1_299' title='bbox 849 3578 891 3631; x_wconf 84' lang='lat' dir='ltr'><strong>Ze</strong></span> <span class='ocrx_word' id='word_1_300' title='bbox 1009 3589 1057 3627; x_wconf 88' lang='lat' dir='ltr'><strong>neo</strong></span> <span class='ocrx_word' id='word_1_301' title='bbox 1074 3572 1168 3626; x_wconf 80' lang='lat' dir='ltr'><strong>0er</strong></span> <span class='ocrx_word' id='word_1_302' title='bbox 1282 3568 1448 3638; x_wconf 87' lang='lat' dir='ltr'><strong>compelleris</strong></span> <span class='ocrx_word' id='word_1_303' title='bbox 1466 3565 1580 3620; x_wconf 86' lang='lat' dir='ltr'><strong>necessi-</strong></span> 
     </span>
     <span class='ocr_line' id='line_1_33' title="bbox 454 3652 1581 3721; baseline -0.015 0"><span class='ocrx_word' id='word_1_304' title='bbox 454 3669 513 3721; x_wconf 89' lang='lat' dir='ltr'><strong>tete</strong></span> <span class='ocrx_word' id='word_1_305' title='bbox 531 3666 558 3720; x_wconf 91' lang='grc' dir='ltr'><em>Ζ</em></span> <span class='ocrx_word' id='word_1_306' title='bbox 652 3664 735 3718; x_wconf 87' lang='lat' dir='ltr'><strong>9doo</strong></span> <span class='ocrx_word' id='word_1_307' title='bbox 754 3664 781 3717; x_wconf 91' lang='grc' dir='ltr'><em>Ζ</em></span> <span class='ocrx_word' id='word_1_308' title='bbox 877 3665 905 3714; x_wconf 89' lang='lat' dir='ltr'><strong>te</strong></span> <span class='ocrx_word' id='word_1_309' title='bbox 923 3661 1100 3714; x_wconf 74' lang='lat' dir='ltr'><strong>christianum</strong></span> <span class='ocrx_word' id='word_1_310' title='bbox 1119 3658 1160 3711; x_wconf 86' lang='lat' dir='ltr'><strong>Ze</strong></span> <span class='ocrx_word' id='word_1_311' title='bbox 1261 3656 1427 3710; x_wconf 74' lang='lat' dir='ltr'><strong>loncscet.</strong></span> <span class='ocrx_word' id='word_1_312' title='bbox 1446 3652 1494 3715; x_wconf 84' lang='grc' dir='ltr'><em>Ζυ,</em></span> <span class='ocrx_word' id='word_1_313' title='bbox 1513 3666 1581 3718; x_wconf 85' lang='lat' dir='ltr'><strong>queo</strong></span> 
     </span>
     <span class='ocr_line' id='line_1_34' title="bbox 455 3737 1547 3818; baseline -0.015 -12"><span class='ocrx_word' id='word_1_314' title='bbox 455 3753 540 3806; x_wconf 78' lang='lat' dir='ltr'><strong>necle</strong></span> <span class='ocrx_word' id='word_1_315' title='bbox 613 3750 637 3803; x_wconf 87' lang='lat' dir='ltr'><strong>ei</strong></span> <span class='ocrx_word' id='word_1_316' title='bbox 655 3766 704 3803; x_wconf 85' lang='lat' dir='ltr'><strong>em.</strong></span> <span class='ocrx_word' id='word_1_317' title='bbox 723 3765 773 3818; x_wconf 81' lang='grc' dir='ltr'><strong>ι·μ;</strong></span> <span class='ocrx_word' id='word_1_318' title='bbox 790 3753 856 3802; x_wconf 79' lang='lat' dir='ltr'><strong>erute</strong></span> <span class='ocrx_word' id='word_1_319' title='bbox 872 3747 896 3800; x_wconf 88' lang='lat' dir='ltr'><strong>si</strong></span> <span class='ocrx_word' id='word_1_320' title='bbox 915 3747 1031 3800; x_wconf 67' lang='lat' dir='ltr'><strong>hennae</strong></span> <span class='ocrx_word' id='word_1_321' title='bbox 1049 3745 1157 3814; x_wconf 72' lang='lat' dir='ltr'><strong>signum</strong></span> <span class='ocrx_word' id='word_1_322' title='bbox 1171 3743 1255 3810; x_wconf 77' lang='lat' dir='ltr'><strong>posui</strong></span> <span class='ocrx_word' id='word_1_323' title='bbox 1331 3739 1363 3792; x_wconf 92' lang='grc'><strong>11</strong></span> <span class='ocrx_word' id='word_1_324' title='bbox 1380 3737 1487 3792; x_wconf 91' lang='lat' dir='ltr'><strong>domino</strong></span> <span class='ocrx_word' id='word_1_325' title='bbox 1505 3737 1547 3790; x_wconf 81' lang='lat' dir='ltr'><strong>Ze</strong></span> 
     </span>
     <span class='ocr_line' id='line_1_35' title="bbox 457 3819 1583 3906; baseline -0.017 -15"><span class='ocrx_word' id='word_1_326' title='bbox 457 3837 491 3891; x_wconf 78' lang='lat'><strong>12</strong></span> <span class='ocrx_word' id='word_1_327' title='bbox 508 3835 653 3906; x_wconf 76' lang='lat' dir='ltr'><strong>peculiaris</strong></span> <span class='ocrx_word' id='word_1_328' title='bbox 671 3854 699 3903; x_wconf 84' lang='grc' dir='ltr'><strong>μ,</strong></span> <span class='ocrx_word' id='word_1_329' title='bbox 716 3832 890 3904; x_wconf 87' lang='lat' dir='ltr'><strong>pecolieriter</strong></span> <span class='ocrx_word' id='word_1_330' title='bbox 908 3832 950 3886; x_wconf 84' lang='lat' dir='ltr'><strong>Ze</strong></span> <span class='ocrx_word' id='word_1_331' title='bbox 1055 3828 1087 3882; x_wconf 86' lang='lat'><strong>13</strong></span> <span class='ocrx_word' id='word_1_332' title='bbox 1105 3843 1121 3880; x_wconf 90' lang='lat' dir='ltr'><strong>e</strong></span> <span class='ocrx_word' id='word_1_333' title='bbox 1139 3827 1216 3880; x_wconf 89' lang='lat' dir='ltr'><strong>nobis</strong></span> <span class='ocrx_word' id='word_1_334' title='bbox 1234 3840 1322 3880; x_wconf 74' lang='lat' dir='ltr'><strong>coer</strong></span> <span class='ocrx_word' id='word_1_335' title='bbox 1430 3819 1583 3889; x_wconf 89' lang='lat' dir='ltr'><strong>quidquod</strong></span> 
     </span>
     <span class='ocr_line' id='line_1_36' title="bbox 457 3903 1583 3990; baseline -0.018 -14"><span class='ocrx_word' id='word_1_336' title='bbox 457 3939 502 3990; x_wconf 80' lang='lat' dir='ltr'><strong>rp,</strong></span> <span class='ocrx_word' id='word_1_337' title='bbox 520 3920 651 3990; x_wconf 86' lang='lat' dir='ltr'><strong>quidquid</strong></span> <span class='ocrx_word' id='word_1_338' title='bbox 669 3920 701 3983; x_wconf 86' lang='lat' dir='ltr'><strong>Z,</strong></span> <span class='ocrx_word' id='word_1_339' title='bbox 720 3918 789 3987; x_wconf 85' lang='lat' dir='ltr'><strong>quod</strong></span> <span class='ocrx_word' id='word_1_340' title='bbox 807 3919 842 3972; x_wconf 83' lang='lat' dir='ltr'><strong>loe</strong></span> <span class='ocrx_word' id='word_1_341' title='bbox 944 3914 988 3983; x_wconf 88' lang='lat' dir='ltr'><strong>ed]</strong></span> <span class='ocrx_word' id='word_1_342' title='bbox 1007 3929 1038 3966; x_wconf 88' lang='lat' dir='ltr'><strong>eo</strong></span> <span class='ocrx_word' id='word_1_343' title='bbox 1055 3913 1081 3966; x_wconf 97' lang='grc' dir='ltr'><em>Ζ</em></span> <span class='ocrx_word' id='word_1_344' title='bbox 1191 3908 1321 3977; x_wconf 86' lang='lat' dir='ltr'><strong>nostrum]</strong></span> <span class='ocrx_word' id='word_1_345' title='bbox 1341 3907 1457 3975; x_wconf 88' lang='lat' dir='ltr'><strong>pertinet</strong></span> <span class='ocrx_word' id='word_1_346' title='bbox 1474 3903 1538 3958; x_wconf 80' lang='lat' dir='ltr'><strong>edd.</strong></span> <span class='ocrx_word' id='word_1_347' title='bbox 1557 3905 1583 3966; x_wconf 80' lang='lat' dir='ltr'><strong>le,</strong></span> 
     </span>
     <span class='ocr_line' id='line_1_37' title="bbox 458 3990 1552 4078; baseline -0.017 -16"><span class='ocrx_word' id='word_1_348' title='bbox 458 4007 608 4078; x_wconf 86' lang='lat' dir='ltr'><strong>pertineret</strong></span> <span class='ocrx_word' id='word_1_349' title='bbox 625 4005 724 4060; x_wconf 74' lang='lat' dir='ltr'><strong>eddo</strong></span> <span class='ocrx_word' id='word_1_350' title='bbox 807 4001 840 4057; x_wconf 81' lang='lat'><strong>14</strong></span> <span class='ocrx_word' id='word_1_351' title='bbox 858 4001 975 4071; x_wconf 81' lang='lat' dir='ltr'><strong>gentiles</strong></span> <span class='ocrx_word' id='word_1_352' title='bbox 992 4015 1043 4053; x_wconf 87' lang='lat' dir='ltr'><strong>em.</strong></span> <span class='ocrx_word' id='word_1_353' title='bbox 1061 4013 1078 4050; x_wconf 84' lang='grc' dir='ltr'><strong>ι·</strong></span> <span class='ocrx_word' id='word_1_354' title='bbox 1159 3995 1193 4049; x_wconf 82' lang='grc'><strong>15</strong></span> <span class='ocrx_word' id='word_1_355' title='bbox 1212 4011 1307 4064; x_wconf 83' lang='lat' dir='ltr'><strong>penem</strong></span> <span class='ocrx_word' id='word_1_356' title='bbox 1325 3995 1346 4046; x_wconf 92' lang='lat' dir='ltr'><strong>t.</strong></span> <span class='ocrx_word' id='word_1_357' title='bbox 1364 3991 1507 4062; x_wconf 88' lang='lat' dir='ltr'><strong>repiuntnr</strong></span> <span class='ocrx_word' id='word_1_358' title='bbox 1526 3990 1552 4043; x_wconf 93' lang='grc' dir='ltr'><em>Ζ</em></span> 
     </span>
     <span class='ocr_line' id='line_1_38' title="bbox 459 4077 1551 4158; baseline -0.018 -10"><span class='ocrx_word' id='word_1_359' title='bbox 459 4095 494 4147; x_wconf 87' lang='grc'><strong>16</strong></span> <span class='ocrx_word' id='word_1_360' title='bbox 511 4091 658 4147; x_wconf 83' lang='lat' dir='ltr'><strong>merebitur</strong></span> <span class='ocrx_word' id='word_1_361' title='bbox 675 4090 836 4158; x_wconf 78' lang='lat' dir='ltr'><strong>deincepsle</strong></span> <span class='ocrx_word' id='word_1_362' title='bbox 957 4085 990 4138; x_wconf 83' lang='lat' dir='ltr'><strong>1e</strong></span> <span class='ocrx_word' id='word_1_363' title='bbox 1007 4087 1036 4138; x_wconf 91' lang='lat' dir='ltr'><strong>ct</strong></span> <span class='ocrx_word' id='word_1_364' title='bbox 1052 4099 1101 4137; x_wconf 89' lang='lat' dir='ltr'><strong>nos</strong></span> <span class='ocrx_word' id='word_1_365' title='bbox 1119 4097 1153 4135; x_wconf 79' lang='lat' dir='ltr'><strong>erc</strong></span> <span class='ocrx_word' id='word_1_366' title='bbox 1171 4083 1199 4134; x_wconf 86' lang='lat' dir='ltr'><strong>et</strong></span> <span class='ocrx_word' id='word_1_367' title='bbox 1216 4096 1269 4134; x_wconf 95' lang='lat' dir='ltr'><strong>non</strong></span> <span class='ocrx_word' id='word_1_368' title='bbox 1288 4099 1308 4149; x_wconf 81' lang='lat' dir='ltr'><strong>p</strong></span> <span class='ocrx_word' id='word_1_369' title='bbox 1324 4095 1359 4132; x_wconf 84' lang='lat' dir='ltr'><strong>m.</strong></span> <span class='ocrx_word' id='word_1_370' title='bbox 1376 4081 1403 4142; x_wconf 82' lang='lat'><strong>2,</strong></span> <span class='ocrx_word' id='word_1_371' title='bbox 1422 4093 1470 4131; x_wconf 86' lang='lat' dir='ltr'><strong>nos</strong></span> <span class='ocrx_word' id='word_1_372' title='bbox 1487 4077 1516 4129; x_wconf 85' lang='lat' dir='ltr'><strong>et</strong></span> <span class='ocrx_word' id='word_1_373' title='bbox 1532 4077 1551 4128; x_wconf 80' lang='lat' dir='ltr'><strong>le</strong></span> 
     </span>
     <span class='ocr_line' id='line_1_39' title="bbox 460 4159 1586 4242; baseline -0.019 -9"><span class='ocrx_word' id='word_1_374' title='bbox 460 4197 512 4233; x_wconf 91' lang='lat' dir='ltr'><strong>non</strong></span> <span class='ocrx_word' id='word_1_375' title='bbox 530 4195 581 4232; x_wconf 83' lang='lat' dir='ltr'><strong>om.</strong></span> <span class='ocrx_word' id='word_1_376' title='bbox 600 4179 641 4233; x_wconf 87' lang='lat' dir='ltr'><strong>Ze</strong></span> <span class='ocrx_word' id='word_1_377' title='bbox 722 4168 1233 4242; x_wconf 80' lang='lat' dir='ltr'><strong>llldenique...p.281,1n01nruus</strong></span> <span class='ocrx_word' id='word_1_378' title='bbox 1250 4165 1337 4220; x_wconf 63' lang='lat' dir='ltr'><strong>eorde</strong></span> <span class='ocrx_word' id='word_1_379' title='bbox 1407 4163 1444 4217; x_wconf 67' lang='grc' dir='ltr'><strong>Ζ)</strong></span> <span class='ocrx_word' id='word_1_380' title='bbox 1460 4159 1586 4214; x_wconf 74' lang='lat' dir='ltr'><strong>subleuat</strong></span> 
     </span>
     <span class='ocr_line' id='line_1_40' title="bbox 462 4251 1479 4335; baseline -0.016 -18"><span class='ocrx_word' id='word_1_381' title='bbox 462 4287 490 4335; x_wconf 82' lang='lat' dir='ltr'><strong>p,</strong></span> <span class='ocrx_word' id='word_1_382' title='bbox 509 4264 654 4333; x_wconf 78' lang='lat' dir='ltr'><strong>amplectere</strong></span> <span class='ocrx_word' id='word_1_383' title='bbox 672 4263 700 4318; x_wconf 88' lang='lat' dir='ltr'><em>Z</em></span> <span class='ocrx_word' id='word_1_384' title='bbox 703 4281 710 4324; x_wconf 86' lang='grc'>;</span> <span class='ocrx_word' id='word_1_385' title='bbox 729 4263 757 4314; x_wconf 87' lang='lat' dir='ltr'><strong>et</strong></span> <span class='ocrx_word' id='word_1_386' title='bbox 775 4277 823 4315; x_wconf 88' lang='lat' dir='ltr'><strong>nos</strong></span> <span class='ocrx_word' id='word_1_387' title='bbox 840 4257 905 4313; x_wconf 81' lang='lat' dir='ltr'><strong>edd.</strong></span> <span class='ocrx_word' id='word_1_388' title='bbox 924 4274 941 4312; x_wconf 90' lang='lat' dir='ltr'><strong>e</strong></span> <span class='ocrx_word' id='word_1_389' title='bbox 1046 4251 1356 4309; x_wconf 88' lang='lat' dir='ltr'><strong>subletos...nolumus</strong></span> <span class='ocrx_word' id='word_1_390' title='bbox 1373 4264 1423 4303; x_wconf 80' lang='lat' dir='ltr'><strong>osu.</strong></span> <span class='ocrx_word' id='word_1_391' title='bbox 1443 4264 1479 4315; x_wconf 77' lang='lat' dir='ltr'><strong>up</strong></span> 
     </span>
    </p>
   </div>
   <div class='ocr_carea' id='block_1_4' title="bbox 0 0 2042 5066">
    <p class='ocr_par' dir='ltr' id='par_1_4' title="bbox 0 0 2042 5066">
     <span class='ocr_line' id='line_1_41' title="bbox 0 0 2042 5066; baseline 0 0"><span class='ocrx_word' id='word_1_392' title='bbox 0 0 2042 5066; x_wconf 95' lang='lat' dir='ltr'><strong> </strong></span> 
     </span>
    </p>
   </div>
  </div>
 </body>
</html>
