4016 5054
436 407 497 472 156
906 398 1090 468 Appendix.

431 559 597 636 apparebit,
620 557 669 634 qui
690 557 858 632 disciplima
873 557 1001 618 laborem
1024 557 1055 618 in
1080 557 1273 620 aduleweutia
1292 573 1349 620 nou
1369 553 1562 618 sustinuerit?

432 663 628 738 quodcumque
653 660 759 722 etenim
772 661 857 721 bomo
871 660 1064 735 luborauerit,
1086 661 1141 722 boo
1163 663 1193 721 at
1210 663 1309 722 metet
1331 657 1448 720 omnis
1468 673 1562 718 nam·

433 781 501 840 que
522 763 725 838 disciplina
757 763 793 821 in
826 763 1023 837 praesenti
1054 779 1124 822 nou
1155 763 1303 823 uidetur
1330 777 1414 822 esee
1436 759 1564 836 gaudii

432 865 700 926 eedmaeroris:
715 868 844 938 postea
858 867 978 924 eutem
992 864 1152 924 fructum
1171 863 1449 940 pacatissimum
1464 878 1564 922 exer-

432 967 565 1028 citatio
586 983 650 1042 per
671 983 746 1027 eam
768 965 893 1026 reddit
907 966 1093 1026 iustitiae.
1109 967 1185 1026 sicut
1198 983 1265 1042 ergo
1279 966 1392 1026 fruetus
1407 983 1464 1026 nou
1478 965 1586 1025 inne-s

432 1069 512 1129 nitur
524 1069 556 1128 in
566 1071 667 1130 arbore
682 1068 713 1128 in
727 1085 785 1142 qua
799 1065 952 1142 pampinus
967 1071 1017 1129 aut
1033 1069 1086 1128 dos
1100 1069 1181 1143 prius
1195 1085 1251 1129 non
1265 1067 1448 1143 appamerit,
1477 1066 1520 1126 sio
1534 1067 1565 1126 et

433 1169 464 1228 iu
486 1173 633 1230 senectute
648 1171 783 1230 honorem
805 1169 967 1243 legitimum
994 1169 1129 1244 consequi
1143 1185 1200 1230 non
1219 1169 1325 1246 poterit
1342 1169 1393 1244 qui
1412 1169 1443 1227 in
1463 1167 1564 1228 edule-

434 1272 546 1332 scentia
560 1271 728 1346 discipliuae
742 1271 865 1331 alicuius
879 1271 1132 1332 exercitationibus
1147 1289 1204 1332 non
1214 1271 1396 1332 laborauerit.
1412 1269 1565 1345 discipline

434 1373 525 1449 igitur
540 1376 646 1450 absque
661 1375 843 1435 oboedientia
864 1374 991 1449 qualiter
1012 1375 1075 1434 fieri
1094 1372 1212 1450 potest?
1234 1374 1402 1434 adulescens
1416 1389 1485 1448 ergo
1500 1371 1563 1431 sine

433 1477 614 1537 oboedientia
624 1477 792 1538 adulescens
803 1477 865 1537 sine
876 1475 1032 1550 discipline
1042 1479 1104 1536 est:
1121 1477 1295 1552 quoniamst
1308 1477 1372 1550 ipss
1383 1474 1563 1536 oboedientis
1574 1491 1600 1530 ro

435 1593 509 1651 quae
524 1578 648 1638 omnium
663 1577 879 1652 disciplinarum
894 1581 985 1638 mater
1001 1581 1047 1638 est
1061 1594 1165 1653 magna
1179 1577 1380 1638 exercitatione
1394 1575 1516 1650 indiget,
1532 1579 1565 1634 ut

434 1679 481 1737 sui
495 1696 622 1738 normam
637 1679 725 1739 studii
741 1679 855 1739 Obrmto
870 1680 989 1740 Domino
1004 1680 1141 1740 exhibent
1155 1680 1204 1754 qui
1219 1679 1370 1739 oboediens
1385 1677 1462 1752 patri
1473 1693 1563 1752 usque

432 1779 472 1839 ad
484 1783 606 1841 mortem
620 1782 714 1842 crucis
728 1780 921 1855 ignominiam
929 1781 1054 1842 libenter
1066 1780 1211 1840 sustinuit.

741 1974 855 2034 DIViiS
882 1974 970 2034 SINE
992 1973 1254 2034 eleemosinis.

401 2115 426 2180 4
476 2125 600 2196 Quartus
615 2126 762 2186 abusionis
776 2128 883 2200 gradus
898 2129 944 2186 est
958 2127 1039 2187 diues
1054 2128 1117 2186 sine
1132 2127 1324 2202 eleemosyna,
1350 2125 1400 2201 qui
1420 2124 1565 2200 superflua
1575 2137 1599 2176 1⁵

434 2245 504 2288 usus
519 2229 565 2288 sui
580 2244 652 2304 quae
668 2228 855 2290 custodienda
877 2230 908 2288 in
922 2233 1068 2304 postorum
1084 2230 1214 2291 recondit
1232 2228 1429 2304 indigentibus
1444 2231 1474 2287 et
1489 2227 1563 2287 nihil

433 2329 610 2390 habentibus
624 2348 682 2390 non
697 2329 860 2390 distribuit:
884 2347 935 2404 per
950 2333 1025 2405 quod
1040 2331 1178 2406 edicitur,
1203 2335 1236 2392 ut
1249 2331 1316 2390 dum
1338 2331 1368 2389 iu
1383 2333 1462 2390 terra
1475 2345 1565 2404 quae·

433 2429 493 2489 sits
506 2430 640 2505 diligenti
663 2448 732 2492 curs
761 2433 903 2503 custodit,
932 2432 1065 2492 coelestis
1097 2433 1209 2507 patriae
1229 2449 1382 2507 perennem
1396 2431 1564 2490 thesaurum

434 2533 558 2592 omittat.
574 2534 612 2592 ad
627 2549 710 2608 quem
725 2534 892 2594 thesaurum
906 2533 1047 2595 Dominus
1064 2535 1146 2595 Iesus
1160 2534 1370 2594 adulescentem
1381 2531 1502 2592 diuitem
1514 2531 1563 2604 qui

433 2649 498 2693 eum
513 2637 549 2694 de
562 2635 736 2709 perfectione
762 2637 991 2711 iutemogenerst
1011 2637 1054 2696 its
1080 2639 1253 2712 respondens
1276 2637 1426 2696 inuitenit:
1449 2636 1482 2694 si
1504 2635 1600 2695 uis²⁰

433 2737 627 2811 perfectus
649 2753 744 2811 esee,
767 2737 987 2798 uedeuendo
1010 2736 1563 2814 omnisonaeb'abesetdapau·

433 2839 602 2912 peribus,
626 2840 661 2897 et
683 2839 766 2900 ueni
788 2855 943 2914 sequere
966 2857 1032 2912 me,
1065 2842 1101 2900 et
1122 2841 1278 2902 hebebis
1299 2837 1564 2899 thesaurumiu

435 2939 546 2998 caelo.
562 2955 646 3014 quem
660 2940 827 3001 thesaurum
842 2941 942 3001 nullus
956 2959 1091 3015 umquam
1106 2942 1250 3003 hominum
1264 2941 1370 3002 babere
1384 2941 1490 3014 potest,
1506 2938 1563 2999 uisi

434 3039 484 3114 qui
498 3041 673 3115 pauperibus
686 3041 793 3102 soleoia
806 3045 936 3116 praestet
950 3047 1001 3104 aut
1015 3061 1067 3118 per
1082 3045 1171 3105 semet
1185 3045 1280 3118 ipsum
1294 3059 1402 3119 pauper
1416 3043 1472 3102 est.
1502 3059 1560 3102 non

501 3321 619 3377 2iiebr.
640 3321 681 3387 12,
700 3323 740 3376 11.
845 3323 881 3378 20
899 3322 999 3376 Metth.
1020 3323 1061 3390 19,
1079 3323 1121 3377 21.

500 3593 564 3647 iet
583 3593 608 3648 G
625 3608 647 3648 s.
665 3594 683 3648 i.
700 3597 774 3648 ιιι2
851 3595 944 3650 desso
960 3611 1011 3651 ores
1029 3596 1062 3650 X
1137 3595 1386 3666 lautcm1ueroo
1466 3596 1563 3652 exorci-

429 3679 500 3733 tatis
518 3677 551 3732 X
646 3678 773 3734 breddot
794 3681 833 3736 Vo
931 3696 993 3752 orgo
1012 3697 1063 3737 oea
1081 3681 1118 3748 X,
1137 3681 1208 3736 enim
1230 3681 1255 3736 V
1350 3683 1413 3736 bet
1430 3696 1481 3737 oea.
1500 3683 1528 3735 Χ

431 3764 595 3833 iessequio
662 3765 910 3822 eoxorcioeclonoo
979 3766 1014 3821 10
1031 3766 1200 3822 oboedientia
1217 3767 1365 3822 aduliscens
1383 3768 1479 3838 (igitur
1495 3767 1563 3824 odd.

435 3849 475 3919 V)
494 3865 515 3904 s.
534 3847 677 3919 discipline
698 3851 758 3916 GV,
776 3852 921 3922 disciplina
937 3869 961 3907 a
978 3869 999 3906 a
1018 3852 1187 3908 oboedientia
1203 3853 1250 3909 Xo
1353 3853 1386 3906 11
1405 3855 1447 3907 ost
1467 3853 1494 3909 G
1509 3854 1561 3909 ed

430 3937 503 3988 oali
583 3935 626 4005 ut]
644 3936 743 3990 etenim
761 3937 798 4002 X,
819 3953 922 4006 quaec
1003 3938 1036 3991 12
1053 3955 1070 3992 a
1087 3937 1188 3993 christo
1201 3937 1238 4002 X,
1258 3939 1287 3992 in
1304 3937 1405 3994 cbristo
1423 3953 1440 3992 c
1520 3954 1563 3992 ex·

432 4017 535 4089 bibent]
554 4022 666 4090 suscipit
679 4022 718 4086 X,
735 4023 880 4091 sumpsito
956 4023 989 4078 16
1007 4040 1072 4078 usus
1089 4025 1131 4079 sui
1149 4040 1200 4079 oea
1218 4025 1250 4078 Χ
1316 4039 1437 4093 quaeque
1459 4024 1529 4079 ΨΧ

430 4103 573 4159 recondens
592 4105 624 4160 X
735 4107 858 4178 lidum]
878 4123 939 4164 cum
958 4109 991 4164 X
1102 4109 1136 4163 19
1153 4109 1259 4163 amittit
1274 4109 1326 4174 X¹,
1344 4107 1484 4163 ammittat
1504 4110 1528 4162 G

431 4188 479 4257 qui
496 4189 574 4244 illum
596 4191 628 4258 V,
646 4191 725 4248 illum
743 4194 790 4263 qui
810 4195 835 4248 0
956 4193 992 4250 20
1008 4194 1137 4250 incitenit
1157 4193 1184 4250 V
1301 4195 1335 4248 21
1354 4193 1467 4249 undeet
1488 4193 1530 4250 Vc

428 4274 465 4330 22
482 4277 512 4330 ct
528 4291 637 4345 sequere
659 4279 687 4334 V
804 4279 840 4334 23
856 4280 996 4336 hominnm
1014 4295 1142 4349 umquem
1164 4280 1190 4333 V
1306 4280 1343 4337 24
1360 4297 1388 4334 sc
1406 4281 1530 4350 ipsumo
