4016 5054
446 369 509 436 204
917 367 1105 438 Appendix.

444 541 510 586 nem
524 527 719 587 tantummodo
733 525 894 598 memorari,
916 527 992 600 quod
1006 509 1101 586 Dauid
1111 525 1208 586 docuit
1223 525 1336 586 dicens:
1353 525 1440 584 mihi
1455 527 1577 585 autern

445 627 683 688 uehementer
722 626 968 688 honorificati
1008 631 1096 687 suut
1132 627 1240 687 emisi
1269 628 1339 698 tui,
1368 625 1480 686 Deus.
1509 627 1578 684 saut

444 745 520 789 nnuc
534 730 690 804 praedones
703 727 821 805 pudoris
836 731 866 790 ct
876 727 1014 805 pleginrii
1025 727 1171 790 conticetis
1181 725 1356 788 mulierculis
1367 728 1427 788 saie
1438 742 1577 802 exponere

446 835 596 895 molestias
611 834 799 909 querelarum.
830 837 906 909 apud
932 837 1048 895 sanctos
1063 837 1177 894 nostros
1191 851 1248 894 non
1263 834 1371 894 hebent
1385 835 1498 895 omnino
1513 834 1576 894 eui·

446 935 568 1012 iuqium,
592 937 696 1011 quibus
709 935 824 998 misceri
839 936 961 998 ecclesie
975 935 1147 997 auctoritate
1162 934 1247 995 Puuli
1261 935 1385 1010 apostoli
1398 935 1598 1010 prohibetur.e

444 1039 485 1099 et
513 1041 597 1112 hos,
627 1036 737 1113 inquit,
767 1038 906 1098 deuito:
947 1053 989 1098 er
1018 1037 1079 1098 hie
1109 1037 1208 1098 euim
1236 1042 1326 1098 sunt
1356 1037 1418 1112 qui
1446 1039 1579 1113 repunt

447 1141 487 1200 in
516 1141 638 1202 domos
666 1143 703 1200 et
730 1141 907 1216 captiuas
947 1143 1086 1201 ducunt
1125 1141 1367 1202 mulierculae
1404 1144 1578 1202 onerates

444 1242 614 1318 peccetis
645 1259 736 1318 quas
767 1243 957 1303 ducuntur
985 1243 1105 1304 uariis
1134 1243 1349 1302 desideriis.

392 1346 433 1406 28
487 1345 558 1405 Post
571 1345 626 1406 hoc
640 1346 765 1405 edictum
780 1345 892 1405 utinam
909 1344 1054 1404 confidant
1076 1345 1133 1405 sihi
1148 1345 1315 1419 angelorum
1329 1345 1459 1420 exempla
1469 1344 1577 1404 mudu-

444 1463 520 1510 cers.
549 1465 602 1508 nos
617 1448 674 1508 iem
688 1465 745 1508 uon
760 1447 861 1508 ualent
875 1448 1008 1520 disemo,
1023 1448 1074 1523 qui
1087 1449 1221 1508 nouimus
1235 1451 1266 1508 st
1280 1448 1398 1522 angelos
1413 1465 1478 1508 cum
1492 1448 1577 1509 iomi-
1587 1463 1614 1504 ro

447 1549 494 1609 nie
508 1549 654 1610 cecidisse.
681 1549 719 1610 eh
734 1549 808 1624 ipsis
825 1549 960 1623 equidem
982 1552 1055 1610 hene
1070 1549 1231 1624 patrocinia
1246 1553 1428 1623 mutuentur,
1459 1551 1509 1610 sed
1524 1567 1577 1612 uos

444 1650 556 1710 nullum
574 1651 710 1725 angelum
724 1650 857 1710 eudimus
871 1653 973 1712 contra
986 1649 1109 1712 Paulum
1124 1651 1294 1726 apostolum.
1317 1653 1378 1712 sed
1393 1654 1430 1712 st
1450 1651 1484 1710 ei
1503 1668 1577 1724 nos,

444 1753 555 1827 inquit,
583 1755 656 1814 'eut
690 1752 845 1826 augelus
875 1753 915 1812 de
944 1753 1046 1814 coelo
1086 1752 1423 1828 scengeliaeuerit
1463 1753 1577 1826 uobis,

444 1855 816 1928 praeterquamquod
846 1855 1194 1928 euangeliuauimus
1225 1855 1346 1928 uobis,
1381 1855 1579 1915 anathema

443 1958 512 2017 eit.
543 1957 691 2017 insaniunt
710 1973 829 2030 prorsus
851 1960 881 2016 st
902 1957 999 2016 celent
1012 1957 1146 2016 incendio
1160 1956 1340 2030 feminarum,
1355 1959 1494 2032 quotquot
1509 1955 1575 2014 huic
1586 1975 1610 2014 re

445 2057 641 2118 interdictioni
657 2075 714 2116 nou
728 2059 849 2129 cedunt,
875 2059 906 2118 et
930 2057 1174 2117 obscoenitatibus
1200 2058 1345 2118 inhiantes
1369 2057 1481 2117 indunt
1494 2059 1576 2128 mori,

445 2175 531 2232 quem
553 2157 679 2218 contenti
694 2159 753 2218 sint
778 2174 797 2216 e
821 2158 961 2218 latoribus
975 2157 1126 2217 mulierum
1149 2159 1247 2233 eliqua
1261 2159 1450 2218 disiunctione
1463 2157 1575 2231 diusffi,

444 2261 478 2320 ut
492 2260 530 2319 ad
545 2260 714 2336 explendem
736 2276 804 2320 suec
825 2259 977 2320 ariditatis
1002 2259 1140 2320 inluuiem
1164 2259 1252 2321 etiem
1274 2260 1304 2320 in
1318 2263 1423 2335 puncto
1437 2259 1575 2334 temporis

443 2377 500 2421 non
515 2361 576 2421 sint
589 2361 651 2422 sine
666 2361 789 2422 feminee
803 2363 964 2435 uoluptate,
994 2364 1025 2420 et
1038 2362 1114 2421 hunc
1128 2363 1237 2422 habent
1252 2362 1282 2421 in
1305 2361 1472 2423 mulieribus
1494 2363 1572 2422 fruc·

441 2465 514 2534 tum,
526 2465 561 2522 ut
574 2461 605 2521 in
617 2463 683 2522 illes
698 2479 811 2535 semper
822 2462 914 2522 defixo
928 2461 1087 2522 intentione
1102 2462 1244 2524 desideria
1254 2463 1362 2523 satient
1371 2463 1524 2537 oculorum,
1536 2481 1572 2524 ns
1581 2477 1608 2520 ro

443 2563 491 2624 uel
507 2566 680 2624 momentum
695 2563 811 2638 aliquod
825 2567 965 2636 transeat,
993 2565 1105 2638 quando
1120 2563 1305 2638 indiguerunt
1327 2565 1402 2639 quod
1416 2565 1572 2626 adfectent.

443 2665 486 2727 eic
502 2666 578 2726 iuter
592 2683 641 2727 eos
652 2666 807 2741 integritas
818 2666 965 2738 emoritur,
980 2665 1031 2726 ubi
1042 2665 1134 2726 omnis
1143 2667 1325 2727 commoratio
1336 2683 1387 2727 eeu
1398 2666 1573 2728 couuiusndo

443 2781 494 2827 eeu
519 2769 721 2828 commanendo
747 2768 890 2842 corruptis
917 2767 1127 2828 adfectionibus
1153 2768 1328 2842 inquinetur.
1359 2786 1430 2843 quos
1457 2773 1574 2829 sanctus

442 2869 547 2929 Petrus
569 2869 902 2944 dseigneueretdicens:
933 2869 970 2927 in
999 2869 1285 2930 conuiuiissuis
1311 2870 1573 2944 luxuriantes,

440 2970 571 3030 oculos
603 2971 785 3030 hebentes
825 2970 954 3045 plenos
984 2972 1312 3032 moechationibus
1341 2975 1380 3032 st
1408 2973 1608 3034 incesse-re

440 3072 586 3150 bilibus
611 3072 783 3145 delictis,
813 3073 1008 3147 capientes
1034 3074 1178 3134 animas
1201 3074 1386 3135 infirmas.
1417 3074 1574 3136 hosstiam

510 3313 526 3367 1
544 3312 588 3367 Pe.
607 3312 666 3378 138,
684 3313 726 3367 17.
928 3313 946 3368 6
963 3312 991 3367 11
1008 3313 1077 3369 Tim.
1097 3313 1122 3378 3,
1141 3315 1165 3369 5.
1372 3315 1406 3370 12
1424 3315 1483 3370 Gal.
1504 3315 1528 3381 1,
1546 3317 1571 3371 8.

439 3399 475 3454 24
492 3397 521 3453 Π
539 3396 611 3452 Patr.
628 3397 654 3463 2,
672 3397 783 3452 13-14.

508 3638 524 3691 1
542 3652 688 3692 memorare
709 3637 744 3694 0¹
882 3637 991 3706 quosC
1143 3638 1161 3692 5
1178 3636 1338 3693 ccclesiseo
1476 3639 1572 3708 'deep-

439 3722 512 3776 tiuas
530 3721 641 3793 ducunt]
660 3722 802 3792 captiuaut
818 3739 854 3778 ce
871 3723 994 3792 captiuas
1015 3723 1126 3778 ΟΜ
1275 3722 1309 3776 12
1326 3721 1480 3776 audiuimus
1502 3723 1537 3779 0¹

440 3807 487 3863 sed
503 3807 575 3873 etO,
592 3810 655 3864 eto
757 3823 805 3862 noe
823 3809 913 3878 inquit
935 3809 969 3874 0,
987 3807 1078 3877 inquit
1094 3823 1178 3878 egos
1282 3809 1316 3863 13
1334 3808 1366 3864 de
1383 3809 1456 3863 caelo
1479 3809 1509 3873 0,
1526 3808 1570 3864 dei

440 3893 521 3946 aliter
536 3910 555 3948 e
646 3893 680 3948 15
697 3896 726 3948 et
743 3894 834 3948 celent
851 3893 974 3949 incendio
996 3894 1026 3959 0,
1044 3893 1139 3948 efflent
1156 3892 1287 3964 desiderio
1304 3910 1321 3949 c
1424 3893 1458 3948 18
1476 3893 1569 3964 inglu·

439 3977 546 4032 nieme
654 3977 684 4032 in
700 3993 787 4035 om.o
894 3979 930 4032 20
947 3978 1038 4033 illiso
1145 3979 1179 4032 21
1198 3977 1302 4047 aliquid
1324 3979 1359 4034 Οι
1466 3977 1573 4047 quando

439 4078 492 4118 nou
519 4062 611 4120 Oeed
632 4079 688 4119 non
710 4079 772 4132 sep.
796 4067 868 4118 cred
1062 4062 1220 4132 indigerent
1247 4063 1291 4131 0¹,
1317 4062 1458 4132 indigeant
1484 4064 1538 4120 0²0

438 4149 473 4204 22
491 4163 596 4204 seu-eeu
614 4149 643 4212 C,
661 4149 824 4205 siue-sices
923 4149 960 4204 24
976 4151 1069 4218 petrus
1086 4149 1259 4218 apostolusc
1350 4148 1539 4219 designeuitc

437 4235 473 4288 26
487 4233 546 4296 hesi
558 4249 613 4288 non
625 4233 784 4291 hinenosO
800 4234 911 4290 sednon
923 4249 986 4304 exp.
1004 4233 1106 4290 ethinc
1118 4249 1140 4288 e.
1153 4235 1171 4288 i.
1183 4238 1250 4289 oet
1323 4235 1488 4289 etiamituo
