4016 5054
634 431 680 485 De
698 430 872 485 duodecim
890 430 1046 485 abusiuis
1064 430 1197 485 saeculi
1215 448 1238 486 c.
1255 431 1332 486 5-6.
1489 437 1541 502 161

417 589 550 662 propriae
565 590 698 663 iniurias,
713 591 765 650 sed
779 590 854 665 legis
865 591 919 649 Dei
929 590 1044 649 studeat
1059 593 1092 648 ut
1105 593 1260 650 metuatur.
1276 595 1427 665 propterea
1438 606 1549 664 quoque

418 691 484 750 dum
498 692 584 751 multi
598 694 723 766 pendent
737 694 768 750 in
783 710 833 764 eo,
855 694 919 766 ipse
932 693 992 752 Deo
1007 694 1163 752 adhaerere
1185 693 1270 753 debet
1286 693 1336 767 qui
1349 693 1432 752 illum
1447 694 1477 752 in
1494 693 1548 752 du·

416 796 512 853 catum
525 795 685 868 constituit,
701 795 752 868 qui
766 797 802 856 ad
817 798 957 870 portanda
971 794 1124 855 multorum
1136 811 1222 854 ouera
1236 795 1331 870 ipsum
1345 794 1437 854 ueluti
1451 795 1549 856 fortio

417 913 476 956 rem
491 897 636 959 solidanit.
653 898 779 972 paxillus
790 900 867 960 euim
881 899 939 958 uisi
954 900 1025 958 bens
1040 898 1116 958 suna
1131 897 1252 958 tirmiter
1266 897 1354 958 alicui
1369 897 1482 958 fortiori
1496 899 1548 957 ad·

398 999 553 1072 abaereat,
568 1017 651 1059 omne
665 1003 741 1075 quod
756 1003 786 1060 iu
801 1019 834 1061 eo
848 1003 955 1077 pendet
975 1003 1032 1061 cito
1052 1002 1160 1060 labitur
1175 1003 1205 1061 et
1219 1001 1283 1073 ipse
1298 999 1411 1059 solutus
1424 1017 1443 1059 a
1457 1000 1552 1074 rigore

418 1117 487 1160 suas
503 1101 649 1163 firmitatis
663 1121 728 1163 cum
744 1104 878 1165 oneribus
892 1104 928 1163 ad
943 1106 1050 1164 terram
1066 1104 1228 1164 delabitur:
1245 1103 1332 1162 sicet
1347 1103 1480 1176 princeps
1494 1101 1552 1161 nisi

419 1221 470 1263 suc
485 1205 626 1264 conditori
640 1206 827 1280 pertinaciter
841 1207 1015 1277 adhaeserit,
1032 1209 1062 1265 et
1072 1206 1134 1278 ipso
1149 1209 1179 1265 et
1193 1204 1287 1264 omnis
1301 1205 1352 1277 qui
1369 1203 1396 1263 ei
1411 1205 1553 1264 consentit

419 1306 475 1366 cito
491 1307 612 1381 deperit.
634 1307 749 1382 quidam
764 1324 887 1382 namque
899 1326 951 1383 per
966 1308 1129 1368 dominandi
1150 1307 1275 1368 odicium
1290 1305 1412 1366 solidius
1426 1306 1486 1366 Dee
1500 1307 1552 1365 ad·

418 1408 628 1481 propinquant,
654 1410 770 1483 quidam
785 1409 910 1484 inposito
925 1411 981 1468 sibi
1001 1411 1152 1483 dignitatis
1172 1410 1287 1469 honera·
1301 1409 1456 1468 deteriores
1470 1407 1553 1466 liunt.

384 1509 533 1584 rolloysss
559 1510 635 1570 enim
655 1514 772 1585 accepto
797 1513 902 1572 ducatu
928 1511 1100 1571 familiarius
1114 1511 1169 1570 Dei
1194 1509 1387 1571 locutionibus
1402 1510 1552 1569 utebatur:

420 1610 488 1670 Saul
511 1627 578 1671 uero
594 1612 671 1672 tilius
686 1613 734 1673 Cis
748 1617 899 1687 postquam
915 1618 1030 1687 sceptra
1040 1614 1124 1687 regni
1135 1614 1280 1686 suscepit,
1302 1629 1354 1686 per
1368 1611 1553 1672 inoboedien-

419 1709 479 1770 tiae
493 1713 659 1786 superbiam
673 1714 765 1773 Deum
780 1715 908 1774 offendit.
921 1731 971 1774 rex
987 1715 1119 1774 Salomon
1133 1717 1286 1788 postquam
1300 1713 1451 1788 patrissui
1461 1712 1555 1772 Dauid

420 1814 515 1873 mdem
530 1815 671 1889 optinuit,
686 1816 765 1876 Deos
779 1817 861 1877 illum
876 1817 954 1875 ultro
968 1833 1065 1875 omues
1082 1818 1219 1876 mortales
1233 1817 1315 1874 uelut
1329 1815 1558 1874 sd‘innumerosi

419 1916 519 1990 populi
530 1919 767 1991 gubernationem
779 1918 937 1992 sapientiae
949 1934 1063 1976 munere
1073 1917 1206 1977 donauit:
1221 1934 1237 1976 e
1252 1917 1395 1977 contrario
1407 1934 1473 1977 uero
1484 1915 1555 1975 Hie·

386 2031 412 2072 aa
421 2019 536 2080 roboam
549 2035 651 2089 seruus
663 2019 830 2091 Salomonis,
842 2022 992 2094 postquam
1003 2020 1085 2092 regni
1095 2021 1197 2078 domus
1209 2018 1303 2078 Dauid
1311 2021 1424 2092 partem
1436 2017 1556 2093 acecpit,

421 2119 458 2180 ad
473 2120 613 2180 idolorum
634 2119 742 2180 cultum
757 2123 854 2181 decern
868 2121 961 2182 tribus
977 2121 1068 2180 Israel
1083 2137 1156 2194 quae
1172 2121 1253 2180 erant
1267 2119 1299 2178 in
1313 2123 1396 2193 parte
1412 2119 1557 2179 Samariae

422 2221 556 2280 adtraxit.
571 2239 623 2294 per
637 2239 710 2296 quae
722 2223 850 2296 exempla
863 2223 1010 2282 euidenter
1025 2223 1187 2282 ostenditur
1198 2221 1337 2296 quosdam
1351 2222 1382 2280 in
1397 2219 1558 2280 sublimiori

422 2327 501 2383 statu
516 2326 553 2382 ad
565 2325 700 2386 maiorem
712 2325 915 2398 perfectionum
926 2341 1069 2396 crescere,
1085 2325 1223 2398 quosdam
1234 2341 1301 2383 uero
1312 2339 1364 2398 per
1375 2323 1559 2397 supercilium

423 2426 626 2485 dominationis
641 2428 677 2486 ad
693 2427 835 2487 deteriora
849 2429 981 2486 defluere.
997 2444 1049 2500 per
1063 2428 1138 2501 quod
1152 2429 1303 2500 utrumque
1319 2425 1501 2500 intellegitur
1512 2442 1559 2486 eus

388 2542 414 2584 so
424 2529 473 2602 qui
488 2530 525 2587 ad
539 2528 660 2589 meliora
674 2530 868 2588 conscendunt
881 2547 933 2602 per
949 2529 1084 2588 uirtutem
1099 2529 1186 2588 animi
1209 2532 1239 2588 et
1253 2528 1307 2588 Dei
1323 2527 1461 2588 auxilium
1474 2543 1560 2601 possa

423 2631 453 2688 id
468 2629 561 2689 lacere
576 2632 606 2688 et
620 2647 670 2690 eos
695 2631 745 2704 qui
760 2632 798 2690 ad
811 2631 954 2690 deteriora
968 2631 1122 2716 deuertunt
1147 2629 1319 2702 permeatis
1340 2628 1559 2689 inbecillitatem

423 2732 533 2806 pariter
549 2733 579 2790 et
593 2731 806 2806 neglegentiam
821 2749 924 2791 amare.
949 2733 1021 2790 undo
1036 2721 1169 2790 dominus
1183 2731 1289 2805 absque
1305 2731 1413 2790 uirtute
1428 2729 1491 2790 lieri
1505 2747 1561 2789 nou

426 2833 520 2904 debet,
544 2851 632 2906 quam
653 2834 791 2892 uirtutem
805 2832 868 2892 sine
888 2832 942 2891 Dei
962 2833 1070 2892 auxilio
1085 2833 1250 2892 nullatcnus
1271 2833 1369 2891 habet.
1391 2831 1441 2905 qui
1456 2832 1562 2890 etenim

425 2935 518 2994 multa
532 2938 640 3006 tuetur,
656 2935 683 2994 si
696 2952 755 2993 non
768 2935 857 2994 babet
872 2933 1080 3007 fortitudinem,
1104 2953 1160 2995 non
1177 2936 1257 2994 ualet
1271 2934 1302 2992 id
1317 2951 1413 3007 agere,
1428 2933 1561 3008 quoniam

494 3207 649 3278 2pendent
669 3209 693 3262 G
711 3208 744 3262 de
760 3209 792 3263 iss
808 3223 865 3262 ros.
969 3207 1166 3276 3portsndum
1188 3206 1215 3261 V
1315 3206 1419 3261 dfirns
1436 3203 1563 3274 tirmiter]

428 3295 535 3350 fortiter
552 3295 676 3349 firmetur
693 3296 755 3349 etc
859 3295 942 3349 alicui
962 3293 1079 3362 fortiori]
1100 3293 1199 3361 parieti
1216 3291 1247 3344 X
1351 3292 1480 3344 bbereot
1499 3290 1530 3343 X

427 3381 522 3450 pendit
542 3383 579 3434 G·
714 3381 828 3450 solutus]
847 3381 921 3434 solus
940 3380 969 3432 X
1106 3379 1234 3431 lomnes
1255 3377 1325 3430 (ΡΧ
1463 3375 1510 3443 qui
1528 3374 1563 3443 si]

428 3467 534 3536 quoda
655 3466 799 3534 consentit]
818 3465 948 3519 adherent
966 3463 1003 3528 X,
1022 3463 1177 3518 continete
1298 3461 1317 3515 8
1334 3461 1481 3530 depereunt
1499 3459 1531 3514 X

428 3554 545 3609 officium
565 3553 590 3606 G
608 3569 628 3605 s.
647 3553 665 3606 l.
683 3569 719 3606 m.
737 3555 765 3615 2,
785 3553 948 3620 potestatem
970 3551 997 3603 V
1091 3548 1214 3616 solidius]
1233 3547 1331 3617 pluso
1430 3545 1465 3600 10
1482 3543 1564 3612 eninr]

428 3655 543 3708 namque
565 3638 606 3693 Vo
685 3637 779 3706 populi
796 3635 930 3690 ducatus
1016 3634 1145 3688 utebatur
1163 3632 1344 3688 locutionibus
1366 3631 1392 3685 V
1474 3630 1509 3683 11
1527 3629 1566 3684 cis

429 3741 465 3780 aa
482 3725 534 3778 scie
555 3724 582 3778 V
689 3724 809 3790 sereptra
830 3723 879 3786 G¹;
898 3721 974 3790 regni
991 3724 1125 3789 sceptrum
1143 3719 1174 3772 X
1284 3717 1319 3772 13
1337 3716 1467 3786 optinuit]
1485 3715 1565 3769 deoru

429 3811 542 3866 offendit
565 3809 632 3864 cdd.
654 3808 741 3864 GXV
874 3807 1009 3860 numerosi
1029 3806 1060 3859 Χ
1198 3806 1232 3858 14
1255 3803 1376 3872 donauit]
1396 3802 1531 3857 ditauitc

430 3897 464 3952 15
481 3897 577 3951 domus
594 3894 621 3949 d.
639 3897 744 3964 partem
763 3893 868 3960 accepit
889 3893 948 3957 GV,
972 3893 1086 3946 sortitus
1104 3893 1147 3945 est
1165 3890 1347 3961 gubernacula
1365 3889 1403 3947 X.
1427 3888 1521 3943 domus
1539 3884 1565 3940 d.

429 3982 573 4052 occupauit
590 3983 730 4050 partemv
821 3979 855 4033 16
873 3978 1006 4032 culturam
1028 3977 1055 4030 V
1146 3977 1179 4030 17
1198 3975 1329 4044 adtraxit]
1348 3975 1531 4029 diuertersto

430 4069 567 4122 euidenter
584 4081 635 4120 usn.
654 4065 685 4118 X
790 4063 823 4117 19
841 4063 1037 4118 dominationes
1058 4063 1094 4115 0¹
1205 4061 1240 4113 20
1257 4059 1291 4114 ad
1310 4059 1421 4113 meliora
1439 4058 1486 4126 qui
1507 4055 1534 4110 V

431 4153 660 4209 transcenduntur
751 4165 798 4218 pcr
816 4135 863 4202 dni
881 4148 1012 4203 auxilium
1030 4152 1058 4202 et
1075 4147 1179 4201 uirtute
1198 4145 1283 4200 animi
1301 4145 1332 4200 X
1420 4145 1456 4198 21
1473 4143 1566 4197 dener·

431 4245 527 4295 tantur
548 4239 589 4294 Vc
698 4237 733 4289 22
749 4235 884 4304 domiuus]
903 4238 932 4288 et
948 4235 1121 4288 domiuumc
1230 4233 1266 4285 23
1283 4230 1363 4285 debet
1380 4229 1473 4300 quam]
1490 4227 1567 4282 deest

432 4327 479 4397 qni
496 4342 515 4381 o
617 4325 654 4379 24
670 4321 861 4377 tortitudinem
879 4320 998 4374 animis
1102 4316 1130 4373 id
1148 4333 1228 4388 agere
1246 4317 1321 4371 ualet
1342 4316 1368 4370 V

535 4430 619 4478 ΠΙΔ
1320 4411 1357 4468 11
