4014 5056
1462 465 1535 514 LXV

397 601 447 666 est
463 597 507 687 (p.
522 595 666 688 acala).
688 599 843 683 quantum
858 601 899 666 ad
912 599 1098 686 Hippolytei
1112 599 1237 666 munnio
1251 597 1422 668 minium
1436 599 1536 686 erpli-

396 711 532 776 candnm
543 709 690 790 nonlerat,
700 710 752 777 uir
762 711 964 778 romesinas
974 711 1122 777 DeRossi
1132 709 1302 795 (Inscript.
1312 709 1430 777 Christ
1441 711 1536 778 noll

397 839 428 905 p.
437 819 567 906 LXXX)
578 820 628 887 his
639 820 745 887 uerbis
754 822 861 889 docet:
877 821 1065 904 Hippolytei
1077 822 1214 888 nononis
1227 821 1403 906 edificium
1418 841 1535 902 omues,

397 930 522 1012 opinor,
540 931 651 997 statim
664 931 904 1012 intellectuum,
929 933 960 996 ei
974 931 1094 999 lorum
1108 932 1274 1014 quondum
1288 931 1536 1015 deposotulr'

397 1045 572 1124 computo
588 1040 753 1124 Oppricuo
772 1041 973 1124 canopum
992 1041 1045 1108 uel
1065 1041 1179 1108 leuiter
1198 1041 1425 1120 umorue.
1453 1041 1535 1110 Goer-

393 1153 496 1236 scntus
504 1152 591 1218 urim
600 1156 646 1218 ent
656 1172 745 1219 nuuc
754 1155 836 1234 243,
850 1154 911 1220 uic
924 1153 1047 1238 ulpiuti
1061 1153 1267 1236 circiterpost
1277 1153 1398 1222 editum
1408 1154 1535 1237 Hippo-

395 1261 456 1345 lyti
474 1253 629 1329 curruum
648 1265 769 1346 cunia·
787 1263 976 1330 ettalulom
995 1265 1135 1330 coutiuct
1154 1263 1209 1330 ulli
1221 1265 1289 1346 ipsi
1302 1265 1420 1331 conoul
1429 1284 1536 1347 poene

393 1372 568 1457 perniuoru,
582 1392 664 1456 quoe
677 1377 739 1437 toto
752 1392 787 1439 eo
800 1373 906 1440 lr'tello
920 1373 1097 1440 luculenter
1109 1374 1290 1457 ecplicotur
1299 1379 1329 1440 ot
1340 1375 1535 1442 declaratur.

396 1483 1340 1568 quooenuucosotismlrorr‘tcmlusipuemouumeulum,
1362 1485 1537 1569 quodlnlrr'

395 1593 437 1658 ol>
450 1591 625 1676 Hippolyto
643 1593 817 1676 conscripti
832 1595 993 1661 lucturam
1006 1615 1129 1680 monuo
1143 1599 1223 1662 nerto
1236 1615 1275 1661 ec
1282 1601 1380 1678 purte
1393 1615 1536 1678 compen-

393 1709 455 1784 sat,
469 1705 704 1788 olffippclulei
716 1705 797 1788 cycli
810 1707 1038 1790 tuonpruioue
1050 1706 1209 1772 altissimo
1216 1706 1325 1789 pruni
1338 1707 1468 1773 fflcutio
1481 1707 1535 1773 uel

391 1815 770 1900 potiuspluueipuorcri
784 1817 906 1884 testim
918 1817 1129 1884 libnadduos
1139 1817 1270 1898 codices
1281 1835 1414 1902 quorum
1423 1816 1535 1884 lentio-

395 1943 450 1992 nes
464 1925 632 1992 Wallieins
645 1926 679 1991 in
693 1925 831 1993 editione
846 1926 942 1994 oxon.
965 1928 1108 1993 amurate
1128 1927 1279 2006 enotauit,
1301 1947 1399 1994 unum
1414 1928 1537 1996 sufficet

393 2033 486 2101 hodie
508 2035 707 2119 deperditum
727 2035 940 2102 bibliothecae
955 2035 986 2101 S.
1002 2036 1141 2121 Remigii
1154 2037 1318 2102 Bemensis
1338 2038 1417 2104 olim
1430 2037 1535 2103 LXXI

397 2146 468 2211 tnm
478 2147 629 2211 11010133
639 2164 718 2212 saec.
730 2145 777 2210 IX
789 2145 850 2233 (b),
864 2146 954 2212 nnius
965 2146 1179 2230 apographum
1186 2146 1338 2212 Mabilinn
1351 2147 1534 2226 coniecerat,

394 2255 531 2322 alterum
549 2254 758 2322 bibliothecae
772 2253 976 2323 cottonianae
995 2247 1065 2322 ‘sub
1087 2256 1182 2323 finem
1201 2255 1274 2322 noni
1290 2274 1310 2322 a
1325 2255 1449 2324 Christo
1464 2275 1534 2324 sae-

394 2357 469 2432 nuli'
480 2368 642 2433 maramm
654 2366 708 2450 (c),
720 2367 774 2450 qui
782 2366 917 2432 hundini
928 2366 1021 2431 hodie
1035 2367 1225 2444 asseruntur,
1235 2369 1411 2452 reongnoui,
1422 2368 1534 2434 melio-

394 2495 462 2541 rem
484 2495 578 2558 quam
592 2476 756 2542 Rememis
776 2475 869 2542 offert
888 2476 1098 2556 recensionem
1117 2477 1319 2561 potissimum
1334 2479 1469 2545 snum.
1497 2496 1535 2544 cx

394 2585 503 2653 eodem
528 2586 638 2652 tubula
661 2585 797 2669 repetitu
822 2587 880 2666 est,
908 2587 998 2652 nnius
1024 2587 1192 2653 materiam
1216 2586 1377 2655 mulusam
1397 2589 1430 2655 et
1450 2588 1535 2655 male

394 2696 551 2782 digestam
564 2696 599 2762 in
613 2696 754 2763 ordinem
775 2697 920 2782 redigere
943 2715 1004 2762 nnn
1026 2717 1134 2764 meum
1156 2716 1223 2764 esso
1244 2698 1366 2782 putaui.
1393 2700 1534 2766 ceterum

393 2806 441 2872 De
461 2805 554 2872 Bessi
580 2825 650 2872 eam
675 2825 695 2872 a
720 2827 754 2874 se
777 2807 964 2874 restitutam
988 2807 1023 2873 in
1049 2807 1275 2876 commentario
1300 2809 1340 2875 ad
1365 2809 1535 2895 Hippolyti

394 2933 541 2983 nunonem
567 2918 753 3002 euolgatnm
774 2917 816 2985 iri
837 2918 986 3004 promisit
1008 2916 1044 3004 (l.
1060 2937 1086 2984 c.
1102 2937 1133 3001 p.
1148 2917 1306 3005 LXXXI).
1333 2919 1535 3004 explicationi

393 3025 510 3093 seruiet
529 3026 623 3112 pinax
637 3047 658 3094 a
670 3027 821 3098 Wallisio
842 3029 883 3094 ud
904 3027 1044 3094 auctoris
1058 3027 1196 3094 mantem
1210 3027 1370 3095 conlectus
1385 3049 1479 3112 quem
1493 3030 1535 3095 ad

393 3137 510 3202 onlnem
529 3135 634 3202 libelli
652 3137 763 3203 adieci.
786 3173 829 3186 -—
842 3137 920 3204 XVI
935 3141 1172 3220 Eptnuacc.
1194 3139 1374 3222 epistolium
1394 3141 1535 3224 primum

393 3245 510 3311 Donati
531 3244 572 3313 ud
586 3243 778 3330 Cypriorum
792 3247 957 3315 Pamelius
976 3268 1013 3315 er
1027 3248 1134 3316 codice
1148 3247 1369 3316 (lumbronenai
1389 3249 1535 3332 protulit,

393 3356 475 3421 mihi
495 3357 616 3423 codices
629 3355 694 3436 ΜΟ
713 3359 962 3442 suppeditarunt.
990 3361 1125 3425 altarum
1146 3359 1316 3442 epistulam
1337 3359 1473 3426 Cornelii
1492 3360 1534 3425 nd

394 3464 585 3551 cyprianum
606 3467 729 3534 nonnisi
750 3468 785 3534 in
804 3488 867 3536 uno
882 3469 1028 3537 &ansusi
1041 3471 1108 3536 412
1122 3469 1173 3556 (β)
1188 3468 1305 3547 inueni,
1327 3469 1479 3536 Baluuins
1498 3469 1534 3535 in

394 3577 531 3656 dnobns3
551 3579 586 3644 in
600 3579 688 3645 nullo
707 3598 784 3645 uera
801 3581 1006 3664 inscriptione
1024 3582 1181 3647 instructa
1201 3581 1258 3647 eet.
1284 3600 1359 3647 nam
1373 3581 1450 3664 quin
1464 3580 1533 3647 eius

394 3690 504 3756 auctor
524 3687 701 3772 deperditas
714 3686 868 3771 Stephani
888 3709 987 3774 papae
1006 3690 1141 3768 litteras,
1164 3691 1198 3756 in
1212 3691 1327 3773 quibus
1341 3689 1532 3774 Cypriacam

391 3797 663 3881 pseudochristum
678 3799 710 3865 st
720 3801 1018 3884 pseudoapostolum
1030 3801 1061 3866 et
1072 3800 1217 3866 dolosum
1232 3800 1408 3882 operarium
1423 3798 1533 3883 appel-

392 3909 516 3977 lauerat
530 3910 584 3993 (nl.
599 3909 690 3994 epist.
708 3911 750 3978 75
764 3929 795 3994 p.
811 3911 934 3997 827,5),
955 3912 1119 3978 relicturus
1139 3910 1238 3977 luerit
1257 3909 1397 3976 dubitari
1411 3909 1532 3992 nequit.

393 4021 564 4104 epistulam
584 4021 714 4088 tertiam
729 4022 769 4087 ad
784 4023 924 4089 codicem
939 4023 1114 4089 Fureusem
1128 4022 1181 4108 (Ζ)
1194 4022 1277 4089 unde
1297 4040 1367 4088 cam
1380 4019 1533 4087 Balucius

393 4131 587 4216 deprompsit
600 4131 776 4200 aonmudus
792 4133 892 4218 exegi.
907 4134 947 4199 ad
959 4136 1105 4216 quarum
1120 4131 1440 4218 praeterBaluuianos
1455 4131 1533 4197 duos

394 4241 569 4310 Mensem
592 4241 642 4331 (Z)
664 4243 697 4309 et
710 4243 897 4310 Remensem
919 4244 964 4330 (r)
985 4244 1099 4311 tertius
1118 4243 1313 4311 Monacensis
1336 4240 1388 4328 (μ)
1410 4243 1534 4327 praesto

392 4351 464 4419 fuit
487 4370 595 4443 eorum
615 4341 789 4437 propinqua
811 4353 956 4439 cognatio
973 4354 1006 4420 et
1019 4353 1172 4420 Iluxsnsis
1186 4353 1319 4438 insignis
1334 4351 1535 4437 interpolatio

499 4473 552 4522 111.
1314 4476 1330 4522 e

1586 2031 1608 2096 b

1588 2277 1607 2324 0
