4012 5066
445 401 487 464 72
683 442 686 450 ·
919 398 1059 468 Append
1071 401 1112 455 ix.

443 559 636 634 apostolorum
657 555 827 616 oontlrnuana
847 558 1040 632 praeoepit
1065 557 1120 618 eis
1148 558 1191 618 ab
1213 559 1483 636 Hierosolymis
1510 579 1581 622 non

442 661 646 734 discedere,
677 659 740 720 aad
765 662 983 734 erepeotare
1013 661 1118 721 illam
1144 662 1427 736 promieeiouem
1453 663 1580 737 patrie

442 781 547 837 quam
574 762 736 823 audietia
761 778 780 820 a
804 779 872 839 me,
902 761 990 836 quia
1015 764 1172 822 Ioannes
1202 764 1345 838 quidam
1370 764 1590 839 baptizabit

442 882 544 940 eque,
567 880 630 924 uoa
651 866 770 924 autem
790 861 1077 936 baptizabimini
1097 864 1238 937 spiritu
1259 868 1389 926 ennete
1410 883 1480 926 neu
1501 869 1586 940 poet

444 967 579 1027 multoe
599 967 665 1026 bea
686 965 776 1026 diae.
807 965 933 1040 itemque
954 965 1059 1026 Petrae
1085 968 1184 1027 eadem
1209 967 1298 1028 uerba
1323 967 1437 1028 Domini
1458 983 1605 1042 pernen-e

443 1069 513 1140 anit,
543 1069 683 1128 rationem
709 1085 758 1143 pro
785 1083 816 1127 ea
841 1069 918 1140 apuu
943 1068 1090 1142 apostolos
1113 1070 1237 1129 reddens
1262 1069 1394 1130 ditando:
1422 1086 1498 1129 oum
1524 1087 1578 1130 eu·

444 1173 513 1231 tam
534 1171 734 1244 inciperem
753 1169 855 1245 loqui
876 1186 952 1245 ego,
974 1170 1090 1230 irruit
1109 1171 1269 1245 epiritne
1292 1175 1445 1232 sanetus
1468 1189 1580 1246 super

445 1288 515 1345 eoa,
541 1273 640 1332 aient
662 1273 698 1331 et
717 1289 830 1346 nuper
850 1289 914 1332 noe
934 1271 971 1331 iu
991 1272 1193 1347 prinoipio,
1216 1276 1252 1332 et
1272 1273 1486 1334 reeordatus
1507 1291 1584 1333 eum

443 1391 643 1437 sermonem
663 1374 807 1435 Domini
832 1374 930 1434 aient
955 1373 1121 1434 ditabat:
1147 1374 1313 1440 Ioannea,
1330 1375 1478 1451 quidem
1497 1375 1582 1451 bap·

443 1477 583 1538 tiaauit
612 1495 713 1553 aqua,
741 1493 805 1537 noe
830 1479 951 1536 eutem
972 1476 1256 1550 baptizabimini
1277 1478 1417 1552 spirito
1438 1481 1615 1538 sanctone

444 1579 478 1639 ei
500 1596 586 1654 ergo
607 1577 762 1652 aequale
782 1576 911 1637 donum
930 1579 1034 1637 dedit
1055 1578 1110 1638 eia
1132 1579 1233 1638 aient
1254 1581 1290 1638 et
1311 1579 1417 1638 nobie
1437 1579 1586 1638 ereden-

444 1680 546 1740 tibne
575 1680 760 1740 Dominum
793 1680 913 1740 Ieannr
943 1677 1146 1753 Obriatum,
1177 1696 1241 1754 ego
1274 1681 1356 1754 qnia
1392 1697 1487 1740 eram
1517 1679 1581 1754 qni

444 1798 587 1858 poeaem
608 1780 803 1857 probibere
825 1781 1000 1841 Domino?
1022 1781 1185 1841 etiterum:
1201 1781 1275 1841 uiri
1296 1782 1446 1852 tratres,
1469 1779 1587 1841 eoitia

444 1884 531 1960 qnia
560 1903 578 1944 a
607 1884 737 1944 diebus
767 1883 937 1957 antiquie
967 1884 1002 1943 iu
1032 1884 1138 1944 nobie
1169 1883 1263 1944 Dene
1298 1883 1415 1957 elegit
1449 1897 1513 1956 per
1542 1899 1583 1942 ee

445 2003 557 2072 meum
586 1987 712 2046 audire
742 1989 875 2060 gantae
905 1987 1052 2047 uerbum
1081 1986 1268 2060 euangelii
1298 1989 1334 2046 et
1369 1987 1517 2045 eredere
1547 1987 1622 2044 atra

445 2089 507 2162 qui
532 2091 642 2148 eorda
666 2089 768 2148 nouit
789 2089 884 2148 Daue
911 2088 1170 2147 testimonium
1195 2086 1393 2161 perhibuit
1419 2086 1508 2145 dene
1531 2085 1588 2145 aie

447 2189 624 2263 epiritum
659 2193 829 2251 sanetum
871 2191 968 2250 nient
1003 2191 1038 2249 et
1077 2189 1197 2250 nobie.
1239 2205 1273 2248 ee
1312 2190 1464 2263 propterea
1498 2187 1586 2247 buiue

445 2292 605 2352 sententiae
620 2307 692 2366 qnae
708 2293 747 2352 eit
764 2292 807 2352 uie
822 2295 852 2353 at
867 2293 995 2365 potaataa
1010 2290 1189 2352 considerare
1205 2289 1349 2350 debemus.
1374 2289 1416 2347 ait
1430 2289 1507 2348 enim
1522 2289 1581 2348 Do·

445 2393 540 2453 minna
555 2393 598 2452 eie
621 2393 669 2468 qni
690 2395 871 2467 postmodum
891 2392 1031 2467 baptizari
1047 2391 1196 2463 habereut,
1219 2391 1286 2466 quia
1300 2391 1458 2462 eraderent,
1474 2389 1570 2464 nupti-

447 2496 553 2554 aaurioa
568 2511 641 2567 eaeo,
662 2509 718 2554 nou
733 2495 970 2569 quemadmodum
984 2511 1002 2552 a
1016 2511 1047 2552 ea
1062 2492 1093 2551 iu
1114 2509 1189 2566 eque
1203 2493 1234 2551 in
1248 2492 1464 2565 paenitentiam,
1481 2493 1532 2553 aed
1547 2493 1578 2550 in
1592 2513 1618 2554 ao

447 2595 553 2669 epiritn
568 2599 675 2657 eaueto.
697 2597 731 2656 de
747 2613 805 2670 qua
818 2594 1030 2670 praedieatione
1045 2612 1110 2654 oum
1130 2594 1228 2666 utique
1243 2611 1325 2653 uerno
1340 2597 1469 2653 nostrum
1484 2594 1577 2668 poenit

447 2697 608 2772 ambigere,
633 2697 818 2756 meuiieetnm
843 2700 889 2756 eat
914 2714 972 2772 qua
996 2697 1107 2756 ratione
1133 2697 1261 2755 homiues
1287 2696 1316 2754 in
1342 2695 1446 2769 spiritu
1475 2698 1574 2757 ennete

447 2798 586 2872 baptizati
606 2799 674 2858 eint.
702 2815 768 2857 uam
787 2801 819 2857 at
839 2798 953 2871 proprie
974 2798 1005 2856 iu
1026 2798 1087 2870 ipeo
1110 2797 1171 2856 aete
1192 2799 1289 2856 anneto
1310 2797 1415 2870 spiritu
1434 2796 1578 2868 baptizati

446 2903 515 2960 aunt
535 2900 585 2974 qui
605 2899 796 2971 erediderunt,
817 2900 886 2974 quia
906 2901 1029 2961 Ioannes
1051 2900 1188 2960 dieereuit
1208 2905 1237 2960 at
1258 2901 1331 2960 dixit
1345 2900 1441 2960 diuam
1457 2915 1488 2958 ee
1504 2898 1569 2974 qui-

448 3002 513 3061 dam
528 3001 557 3061 in
573 3019 648 3076 equa
661 3000 816 3075 baptizare,
831 3003 985 3062 uenturum
1000 3003 1094 3061 annm
1111 3002 1160 3076 qui
1175 3002 1206 3061 iu
1216 3001 1321 3076 epiritu
1332 3005 1430 3063 aenoto
1442 3001 1579 3075 baptizet.
1590 3020 1615 3062 ee

448 3104 545 3178 gratia
564 3106 593 3163 at
608 3103 715 3163 uirtute
735 3101 789 3161 Dei
804 3105 902 3174 aunt†
916 3106 947 3162 et
967 3103 1021 3164 boo
1042 3107 1071 3164 et
1093 3103 1205 3164 oeenlta
1229 3105 1370 3177 largiente
1385 3106 1414 3163 et
1428 3105 1578 3177 operante,

448 3204 635 3264 nibilominus
656 3205 751 3264 autem
773 3203 860 3263 etiam
876 3202 905 3262 iu
927 3205 1099 3278 baptismata
1120 3203 1240 3278 apiritue
1262 3207 1292 3263 at
1306 3221 1406 3278 aquae,
1427 3207 1578 3278 praeterea

449 3305 538 3365 etiem
552 3307 583 3364 in
597 3305 769 3380 baptismate
786 3306 906 3380 apiritna
922 3306 1105 3381 insanguine
1121 3305 1235 3380 proprio
1248 3306 1482 3380 unineeniueque,
1504 3307 1581 3367 eiont

450 3407 598 3469 deelarant
623 3407 705 3468 nobie
730 3411 847 3468 eunome
873 3409 1050 3482 peripteroe,
1081 3425 1202 3484 querum
1227 3425 1279 3483 per
1304 3409 1420 3484 ainguta
1449 3425 1578 3484 quaeque

448 3527 546 3572 eorum
560 3527 633 3584 quae
648 3510 845 3571 enarrabimus
859 3511 1021 3572 adferemus
1035 3512 1201 3586 perepienas
1216 3512 1407 3585 probationes.
1600 3533 1627 3574 eo

422 3599 441 3658 3
493 3613 538 3672 Ad
562 3630 634 3688 quae
656 3612 730 3673 torte
745 3613 787 3685 tn,
812 3612 862 3687 qui
881 3629 988 3672 nonum
1009 3613 1079 3687 qnid
1098 3612 1221 3685 indubia,
1249 3613 1381 3673 continuo
1396 3613 1581 3686 impatienter

370 3749 371 3752 =
449 3716 623 3788 respondeas
653 3715 686 3774 ut
713 3715 788 3775 eoloe
818 3714 923 3774 dixieee
954 3715 984 3772 in
1013 3715 1163 3790 euangelio
1194 3715 1363 3774 Dominum:
1401 3714 1475 3775 niei
1505 3715 1590 3791 quie

449 3817 565 3876 denuo
601 3819 707 3878 natue
743 3817 861 3877 fuerit
890 3833 931 3876 er
968 3835 1062 3892 aqua
1090 3821 1126 3879 et
1154 3817 1309 3892 epiritu,
1347 3834 1415 3877 non
1455 3822 1585 3894 potest

450 3918 611 3979 introire
634 3920 671 3978 in
695 3935 842 3992 regnum
865 3921 1060 3980 caelorum.
1092 3938 1127 3981 en
1150 3937 1206 3994 qno
1228 3921 1377 3980 manifeste
1399 3923 1520 3995 apparet
1540 3921 1587 3980 illi

522 4185 746 4252 umine
894 4185 1179 4251 emmena
1323 4185 1582 4254 ammae

460 4255 730 4336 munau*
1147 4271 1150 4279 ·
