4000 5066
915 435 1081 494 camma

620 595 691 668 Quis
705 596 849 659 hominem
862 595 940 658 lacto
954 593 1099 671 potuieeot
1112 593 1220 670 tingere
1234 593 1313 667 limo,

619 699 701 761 Vnde
715 716 806 775 genua
820 714 910 758 uacuo
924 697 1069 773 potuisset
1082 712 1209 757 creecore
1225 694 1329 768 saeclo,

620 802 756 862 lituaria
769 802 875 876 populo
890 817 963 875 quae
978 799 1020 858 eit
1034 799 1152 859 uiuendi
1165 797 1279 872 cupido,

619 906 697 977 Quae
712 907 808 964 creata
822 903 899 964 malo
913 903 1038 976 primum
1052 900 1192 960 moriendi
1206 915 1344 975 propago,

556 1009 598 1068 20
618 1007 701 1066 Vnde
715 1006 807 1066 bonus
821 1005 914 1065 roeoie
928 1006 1053 1078 odorque
1067 1004 1214 1076 pudorque
1229 1001 1352 1073 coronis,

619 1107 693 1178 Quid
707 1105 797 1166 faeno
811 1105 898 1166 laetie
912 1109 945 1164 ut
960 1105 1031 1164 uitis
1046 1105 1160 1164 aestuet
1173 1103 1249 1176 nnis,

618 1211 714 1283 thue
728 1225 803 1268 nona
816 1206 925 1268 teneris
939 1208 1101 1268 lactescant
1114 1207 1221 1268 hordea
1234 1206 1347 1278 culmis,

617 1311 714 1371 Arbor
727 1312 760 1369 ut
774 1310 806 1370 in
820 1310 943 1385 glaciem
957 1310 1050 1385 nigris
1064 1310 1204 1384 pubescat
1218 1307 1315 1381 oiiuie,

618 1413 798 1474 (terminibus
812 1412 902 1472 uariie
916 1413 982 1486 quie
996 1413 1207 1471 <interamenta
1222 1409 1331 1484 uigoris

553 1515 596 1593 25
618 1513 756 1574 Mollibus
770 1516 800 1574 et
813 1515 934 1574 matrem
948 1513 1072 1573 tiliorum
1087 1513 1222 1586 protegat
1237 1510 1358 1572 umbria.

618 1615 718 1676 Omnia
731 1631 817 1675 uoeee
832 1616 938 1675 bonurn
953 1633 1026 1689 quae
1041 1614 1102 1673 eint
1116 1615 1231 1688 incepta
1245 1631 1398 1686 ramorum,

617 1718 658 1777 Vt
672 1697 723 1791 per
737 1719 841 1777 cuncta
855 1717 945 1776 Βοιιιιι
959 1717 1048 1777 liceat
1062 1733 1216 1790 agnoscere
1230 1733 1341 1788 amum,

619 1817 674 1889 Qui
688 1819 781 1878 lucem
795 1818 888 1878 maria
901 1817 1011 1878 caelum
1026 1821 1189 1892 terramque
1204 1817 1320 1891 parauit

619 1921 795 1995 Ornauitqne
810 1937 917 1982 nouum
931 1921 1042 1980 uariato
1056 1919 1150 1981 nidere
1164 1921 1299 1980 mundum

556 2024 599 2084 30
620 2023 660 2082 Et
673 2024 797 2096 pecudea
811 2023 935 2098 primum
950 2025 981 2082 et
994 2024 1125 2083 uolucres
1140 2023 1293 2097 procedere
1307 2021 1393 2082 iussit

618 2125 657 2184 Et
672 2124 752 2184 dedit
766 2141 923 2199 aequoreae
938 2125 1071 2198 conplere
1086 2124 1215 2197 piscibus
1231 2124 1322 2183 undae

619 2226 722 2299 Atque
737 2225 906 2300 iecmrdataa
920 2226 1094 2285 animalibus
1109 2225 1170 2298 egit
1183 2224 1316 2285 harenae.

619 2327 703 2386 Talia
717 2327 876 2401 conpositio
891 2327 1029 2386 deducam
1044 2328 1172 2386 carmina
1185 2329 1276 2386 munia

619 2429 823 2502 Salubremque
838 2428 922 2488 nouie
937 2445 1074 2503 exponam
1091 2428 1220 2488 fontibus
1236 2429 1341 2487 undam

557 2531 597 2588 35
619 2531 658 2590 Et
672 2531 780 2590 laetum
795 2530 918 2604 placidie
933 2532 1096 2590 uenientem
1111 2531 1236 2590 nubibus
1250 2529 1379 2602 imbrem,

617 2632 653 2689 In
668 2631 779 2690 animae
793 2631 940 2691 bominum
954 2632 1072 2705 penitus
1086 2633 1220 2706 ultroque
1235 2632 1379 2704 fluentem,

618 2733 767 2807 Excipiam
781 2733 876 2807 plenis
890 2732 921 2791 in
936 2737 1036 2794 nostra
1050 2734 1167 2794 nonalia
1180 2733 1264 2794 riuis.

662 2834 745 2893 Nunc
759 2850 814 2908 age
829 2849 960 2894 securam
974 2835 1127 2910 uiuamque
1142 2835 1278 2910 attingite
1292 2836 1449 2911 nympham
1498 2873 1506 2896 ,

499 3118 532 3171 16
548 3115 650 3186 tingere
664 3115 731 3169 limo
749 3115 775 3168 T
789 3117 821 3170 ia
838 3130 894 3170 rae.
1058 3116 1091 3169 li
1110 3132 1161 3171 oea
1182 3115 1208 3170 T
1364 3116 1469 3172 saeculo
1492 3118 1531 3172 W

430 3203 465 3256 18
483 3200 580 3256 cubitio
602 3203 635 3253 W
714 3200 748 3255 19
765 3201 863 3271 creata]
883 3205 956 3256 creta
976 3201 1003 3255 T
1084 3201 1120 3256 20
1136 3201 1220 3256 roeeia
1239 3201 1364 3272 odorque]
1381 3217 1426 3256 roe
1443 3205 1472 3258 et
1491 3203 1529 3258 W

429 3285 540 3355 pudorq.
559 3285 598 3351 D,
615 3285 746 3354 sudorque
767 3288 825 3353 W¹,
843 3285 977 3354 ruborque
991 3286 1018 3339 T
1033 3291 1059 3338 et
1081 3285 1116 3338 W
1134 3302 1157 3338 e.
1175 3286 1194 3340 1.
1210 3303 1245 3339 aa
1263 3291 1283 3340 2
1422 3287 1457 3341 21
1475 3287 1563 3342 laetue

431 3371 541 3427 Wea.
559 3371 578 3425 1.
699 3372 791 3424 utuat
811 3372 837 3425 T
954 3371 991 3424 22
1007 3369 1370 3436 cenommannica
1481 3371 1563 3426 lacte

429 3459 506 3510 amnt
526 3456 598 3520 TW,
615 3456 746 3510 lactemat
761 3455 799 3521 D,
816 3455 979 3512 flaumcatn
1074 3455 1163 3510 cnlrno
1184 3456 1224 3511 W
1307 3457 1343 3511 23
1359 3459 1394 3510 ut
1409 3455 1440 3510 in
1455 3458 1563 3526 compet,

427 3544 460 3595 ut
477 3541 579 3605 DTW,
597 3545 626 3596 et
644 3543 709 3596 nto
812 3540 901 3611 glacie
921 3542 960 3596 W
1080 3540 1163 3594 olibis
1180 3540 1211 3594 D
1312 3541 1348 3595 24
1365 3541 1411 3596 det
1428 3545 1563 3598 ammenta

429 3627 461 3694 T,
478 3627 646 3681 decrementa
662 3627 750 3683 DWo
853 3627 957 3697 uigoris
978 3627 1024 3691 W,
1042 3626 1140 3680 uiroria
1158 3625 1232 3680 DTo
1333 3627 1368 3681 25
1385 3627 1502 3682 molibus
1517 3631 1563 3694 W,

429 3712 550 3768 moribus
570 3715 596 3768 T
712 3712 808 3767 imbria
830 3713 869 3767 W
986 3711 1021 3766 26
1038 3712 1143 3766 incerta
1164 3711 1204 3766 W
1320 3728 1457 3768 ramamm
1478 3715 1529 3773 W¹

427 3799 462 3854 27
480 3799 562 3854 liceat
579 3815 626 3867 per
644 3802 741 3854 cuncta
758 3799 837 3854 deum
857 3798 906 3862 To,
923 3813 970 3866 par
987 3800 1083 3852 cuncta
1101 3797 1184 3852 liceat
1201 3796 1278 3851 deum
1296 3797 1327 3851 D
1476 3816 1563 3870 agne.

427 3900 499 3938 acere
522 3885 555 3937 W
645 3883 793 3938 ιιίιιιιιιΙ)1
879 3881 1093 3952 anquina?
1184 3867 1343 3939 mariamT
1437 3885 1563 3942 tumre

423 3977 488 4040 poet
505 3987 534 4025 ιι.
551 3975 587 4026 ³0
604 3972 664 4024 cab.
682 3970 782 4025 DTW
921 3967 1032 4022 uefiado
1049 3967 1087 4030 D,
1105 3967 1271 4024 uariaudov
1398 3970 1487 4026 nidera
1505 3973 1531 4026 T

426 4053 463 4108 30
479 4055 528 4110 att.
546 4063 575 4108 et
591 4071 641 4110 οιιι.
659 4055 732 4110 Duo
833 4052 975 4124 procedere
991 4052 1074 4106 inanit
1091 4067 1142 4107 om.
1165 4054 1204 4108 W
1305 4055 1340 4109 31
1358 4056 1487 4124 compleri
1504 4057 1531 4111 T

367 4205 370 4212 v
426 4138 463 4193 32
479 4140 540 4209 agit
555 4141 595 4206 W,
613 4142 695 4210 auget
711 4140 757 4194 uel
774 4139 926 4206 anxitfort.
998 4153 1093 4192 arenae
1104 4137 1149 4190 Do
1217 4138 1253 4192 34
1269 4140 1347 4193 nonis
1363 4141 1471 4210 empti,
1482 4141 1563 4196 nobie

426 4225 532 4290 DTW,
550 4225 656 4282 uobino
725 4239 876 4295 expromam
887 4223 982 4278 metim
1051 4222 1087 4276 35
1103 4222 1226 4293 placidia]
1238 4223 1327 4293 pladia
1342 4225 1380 4280 W
1448 4226 1483 4282 36
1501 4243 1562 4296 pao

425 4307 662 4451 ἷιὶιιιιῶῆιιοιιιο
673 4311 704 4366 D
751 4393 752 4397 Ἰ
775 4311 811 4366 38
828 4325 921 4366 eacura
936 4309 967 4365 D
1044 4308 1180 4379 attingere
1196 4308 1268 4366 DTo
1345 4311 1467 4380 nymsam
1483 4312 1561 4379 DW.

437 4411 502 4466 Μ)
583 4413 600 4452 ⁰
