4014 5056
1527 493 1552 542 v

418 631 489 700 ols
501 629 817 699 BAPI'IZANDIS
829 629 1047 698 EXPLICIT
1055 630 1238 698 INCIPIT
1247 630 1315 696 AD
1328 627 1553 697 ROGATIA-

415 741 526 808 NVII
545 743 610 808 ET
630 740 835 808 OEIEROS
852 741 920 806 DE
946 739 1256 808 OBSERVANDA
1282 739 1553 807 DAEOJPLINA

414 850 709 948 (=p.504‚12)‚f.
728 835 804 917 147⁸
819 849 864 916 ue
878 851 899 915 1.
916 853 993 916 extr.
1008 850 1191 918 suarna
1202 833 1304 918 milo
1317 853 1414 935 (=p.
1428 848 1552 937 noea),

414 961 437 1026 I.
463 960 540 1028 148·
565 962 608 1027 o.¹
633 961 656 1026 l.
679 979 725 1046 pr.
749 959 807 1027 SA
829 960 1069 1051 SVEFERRE
1090 959 1183 1038 QVO
1208 963 1263 1047 (=
1287 961 1369 1047 App.
1395 981 1426 1046 p.
1451 961 1552 1048 393),

414 1070 436 1138 i.
460 1073 537 1139 155·
557 1071 603 1139 α’
625 1070 813 1139 CAECILI
830 1069 1054 1138 CYPRIANI
1067 1072 1136 1137 DE
1151 1072 1212 1138 LA
1219 1071 1313 1138 VDE
1325 1071 1559 1140 MARTIRH

414 1166 771 1252 niernurorrmru

455 1294 550 1360 Hune
583 1293 740 1376 optimum
774 1292 891 1358 librum
921 1294 1032 1360 ducem
1060 1295 1107 1360 ita
1135 1294 1276 1379 adhibui,
1312 1294 1350 1360 nt
1377 1294 1441 1360 nisi
1470 1295 1552 1361 ratio
1576 1290 1699 1362 manus

413 1406 602 1489 repugnaret
622 1404 679 1469 aut
698 1401 876 1469 manifestis
897 1402 952 1471 ille
970 1402 1186 1487 inquinaretur
1199 1403 1332 1484 mendis,
1354 1405 1462 1472 oontm
1475 1404 1552 1471 roli-
1573 1392 1702 1438 ‘m‘

413 1531 490 1598 quos
503 1514 603 1579 libros
617 1531 724 1578 omues
738 1513 833 1578 huius
846 1514 1016 1595 scripturas
1030 1513 1064 1579 in
1079 1515 1200 1580 tentum
1215 1515 1402 1596 reoiperem3
1426 1532 1552 1581 summe

415 1623 498 1690 enim
518 1623 586 1688 eine
607 1622 779 1689 auotoritas
794 1622 828 1688 in
843 1639 878 1688 eo
893 1623 1020 1688 uidetur
1041 1624 1123 1708 quod
1141 1641 1204 1689 non
1219 1641 1289 1690 raro
1304 1623 1390 1690 solus
1404 1642 1480 1690 uera
1494 1625 1552 1691 ant

413 1750 558 1799 neretum
580 1731 718 1816 uestigia
739 1731 881 1816 proxima
902 1734 958 1798 aut
977 1732 1161 1800 mendorum
1182 1732 1299 1800 formas
1320 1733 1448 1816 primes,
1470 1733 1553 1799 unde

411 1843 672 1928 interpolatorum
682 1841 857 1909 tentamina
866 1841 1071 1925 explicantur,
1081 1843 1231 1922 semanit‚
1245 1843 1334 1910 ouius
1344 1843 1391 1910 rei
1402 1861 1475 1908 oum
1485 1846 1553 1909 sin·

413 1952 507 2038 gulae
528 1952 661 2036 paginae
674 1951 796 2033 optima
810 1952 1012 2035 suppeditent
1026 1953 1175 2036 exemplu,
1199 1953 1380 2035 speciminis
1393 1954 1461 2019 loeo
1475 1953 1553 2021 huso

413 2079 493 2145 pono
514 2062 657 2128 celeriter
671 2060 833 2144 quaerenti
848 2061 1054 2127 oeenrrentiu:
1078 2081 1108 2144 p.
1124 2061 1244 2142 256,25
1258 2062 1314 2128 ubi
1330 2063 1445 2146 reliqui
1459 2063 1552 2143 quot-

413 2174 489 2256 quot
512 2173 637 2239 exstant
658 2169 732 2236 libri
753 2170 944 2253 interpolata
966 2170 1114 2236 exhibent
1135 2172 1232 2237 uerba
1251 2171 1309 2254 qai
1328 2171 1386 2238 etsi
1400 2171 1553 2254 ωεϊωιάἑε
1672 2219 1674 2225 ι

413 2281 585 2365 sacrifieiis
603 2299 722 2346 mansu
734 2299 800 2345 non
814 2281 1125 2360 eoatomiaoaomnt
1146 2280 1263 2347 libellis
1276 2285 1384 2348 mm
1398 2280 1553 2348 consetur-

413 2394 495 2458 tiam
511 2391 707 2475 polluerunt,
733 2392 767 2457 in
789 2389 891 2457 soloS
913 2392 1000 2457 extet
1021 2390 1156 2457 formula
1177 2391 1402 2458 mmmmm
1423 2391 1554 2458 misoue-

417 2506 505 2580 rant,
523 2501 661 2567 insolens
681 2501 810 2584 quidem
826 2501 893 2580 illa,
915 2499 971 2566 sod
984 2518 1078 2583 quam
1094 2501 1229 2567 maxime
1243 2502 1395 2587 genuina3
1417 2523 1454 2570 ea
1469 2503 1552 2568 enim

413 2611 517 2678 utitur
542 2611 597 2696 qui
622 2613 710 2678 totns
734 2611 926 2697 cyprianum
953 2611 1143 2680 imitandum
1169 2611 1231 2678 sibi
1253 2614 1430 2697 sumpserat
1450 2613 1552 2680 libelli

415 2723 452 2788 de
466 2723 543 2788 bono
556 2723 734 2806 mcdbitiuo
746 2725 856 2790 auetor
866 2722 908 2789 Δ.
918 2741 990 2807 pag.
1003 2723 1079 2803 lou
1090 2721 1229 2804 pudieus
1241 2743 1317 2790 aero
1331 2723 1461 2790 iaamia
1474 2723 1553 2805 quia

414 2832 524 2899 delicto
537 2832 763 2900 metentium
777 2851 845 2899 aaa
858 2831 993 2914 miscuit,
1010 2834 1042 2900 et
1053 2833 1081 2900 si
1095 2834 1177 2901 reete
1192 2834 1289 2900 uerba
1303 2833 1462 2912 constitui,
1478 2831 1552 2902 Oai-

416 2943 526 3010 donius
551 2943 590 3009 de
612 2943 744 3009 muliere
766 2961 786 3008 a
805 2943 922 3008 morito
948 2942 988 3009 ad
1011 2943 1248 3010 sacrificandum
1273 2945 1376 3010 treota
1399 2942 1552 3029 Cypriane

415 3053 541 3138 seripsit
555 3071 627 3139 pag.
642 3054 740 3132 537,ss
754 3052 981 3120 meneutam
994 3072 1060 3118 ooo
1073 3053 1333 3120 commisceat-
1347 3072 1419 3140 pag.
1434 3054 1554 3135 304,ss

416 3163 449 3228 in
464 3162 485 3228 S
501 3181 562 3229 nox
582 3163 718 3229 ooeurrit
738 3162 900 3228 rarissima
921 3161 1123 3245 offendiculo,
1143 3164 1231 3228 euius
1251 3164 1285 3230 in
1299 3165 1404 3230 locum
1425 3164 1555 3230 tritissi-

416 3292 503 3338 mum
523 3272 684 3338 seandalo
703 3274 887 3356 receperunt
907 3272 1020 3356 reliqui
1041 3273 1105 3338 fore
1126 3289 1233 3339 omnes
1248 3273 1295 3338 ita
1308 3273 1465 3357 legentes:
1488 3293 1555 3340 esea

417 3384 481 3450 sies
499 3383 559 3449 tibi
579 3383 738 3449 mandata
752 3383 816 3448 ista
830 3383 885 3449 sed
894 3381 1030 3465 proeliu
1045 3420 1089 3432 -
1103 3401 1133 3466 p.
1149 3383 1269 3460 253‚24
1284 3401 1304 3448 a
1321 3401 1395 3450 uero
1417 3385 1555 3468 proxime

417 3494 505 3562 abest
524 3493 562 3562 S:
592 3514 638 3559 ua
663 3492 834 3577 quisquam
858 3493 962 3559 osuiu
987 3493 1042 3559 deo
1067 3497 1124 3559 out
1149 3491 1334 3581 diuiauiore
1358 3493 1556 3578 cononum

416 3605 542 3689 scripsit
570 3604 653 3672 enim
679 3603 862 3689 Cyprianus,
891 3604 926 3670 id
951 3604 1034 3688 quod
1058 3604 1192 3672 Vahleni
1217 3623 1348 3672 aoumen
1373 3605 1466 3686 uidit,
1497 3610 1555 3673 uest

416 3715 527 3782 diuino
551 3733 658 3781 umore
683 3713 865 3782 elementior
889 3714 936 3799 (in
958 3716 1044 3781 exitu
1066 3714 1221 3781 linearum
1245 3714 1391 3801 ningulus
1404 3715 1449 3735 ‘⁹
1462 3733 1556 3802 snper

416 3848 439 3892 o
452 3848 505 3894 aa
527 3827 648 3911 positae
670 3826 854 3910 plerumque
876 3827 1069 3893 euanuornnt
1090 3827 1124 3892 in
1145 3825 1191 3912 S).
1215 3827 1330 3909 reliqui
1352 3826 1427 3893 libri
1448 3844 1555 3894 omnes

417 3937 648 4022 interpolatoris
683 3937 849 4002 inuentum
877 3936 996 4002 diuino
1024 3937 1161 4002 madata
1189 3934 1369 4002 mnemon
1398 3936 1552 4002 exhibent

418 4067 489 4114 oum
510 4047 611 4134 igitur
626 4046 742 4114 oodiois
757 4046 860 4113 uirtus
874 4049 964 4114 tantu
979 4048 1033 4127 sit,
1054 4047 1119 4114 iam
1133 4064 1195 4114 nou
1209 4046 1452 4132 uituperabitur‚
1473 4046 1555 4130 quod

420 4158 514 4225 etiam
530 4158 575 4224 eis
590 4158 623 4224 in
638 4159 726 4238 loeis,
747 4158 801 4225 nbi
816 4157 1008 4242 reliquorum
1022 4157 1174 4226 librorum
1190 4157 1346 4242 scriptura
1359 4157 1441 4224 nihil
1455 4157 1555 4225 offen-

418 4268 513 4335 sionis
535 4268 709 4353 praeberet,
737 4269 792 4336 sed
813 4269 973 4336 tamenin
994 4268 1196 4356 Segnieriano
1220 4270 1381 4355 singulare
1404 4267 1555 4351 quiddam

419 4379 511 4463 idque
532 4398 768 4464 nonnumquam
789 4381 896 4464 aperte
919 4381 1071 4448 uitiosum
1094 4381 1221 4467 inesset,
1246 4398 1284 4446 ex
1303 4380 1362 4446 hoo
1382 4378 1554 4446 diuinando
