4012 5056
414 427 435 478 c
819 410 968 468 Gaeeilii
986 409 1149 481 Cypriani

414 563 515 630 instar
536 583 679 631 exeroens
699 563 844 632 inimicos
864 581 985 648 quoqne
999 565 1154 647 dilexerit,
1175 566 1231 651 qui
1244 584 1300 649 pro
1315 565 1551 650 insequentium

414 683 448 732 se
467 665 570 738 salute
589 667 684 733 siouti
698 666 851 734 Dominus
870 671 977 734 monet
991 671 1024 734 et
1037 669 1182 735 hortatur
1201 669 1349 736 oranerit
1368 661 1455 736 ‘oriri
1468 670 1547 738 iaoit

412 769 531 856 ingiter
553 787 646 835 auum
660 767 759 834 solem
774 769 806 834 at
818 767 943 851 pluuias
959 769 1091 836 subinde
1104 771 1281 837 nutriendis
1295 769 1468 837 seminibus
1482 771 1545 837 im-

411 873 521 959 pertit,
536 872 682 940 exhibens
697 873 811 940 euneos
824 869 887 937 iate
901 891 962 938 non
976 872 1042 940 suis
1058 874 1200 942 tautum:
1216 873 1249 941 et
1262 875 1317 956 qui
1329 893 1362 942 ee
1373 873 1433 940 Dei
1447 873 1545 940 etiam

411 975 514 1040 filium
527 993 594 1042 esse
607 973 781 1056 profitetur,
797 991 858 1040 non
873 975 1050 1058 exemplum
1065 976 1165 1058 patris
1179 975 1345 1042 imitetur?
1360 976 1571 1058 responderes

411 1095 469 1144 noe
490 1077 580 1145 deoet
601 1076 761 1144 natalibus
783 1077 909 1158 nostris,
931 1079 963 1143 et
977 1097 1055 1162 quos
1075 1079 1201 1146 renatos
1219 1097 1276 1162 per
1289 1078 1393 1144 Deum
1413 1078 1545 1158 commi,

412 1179 579 1264 degeneres
599 1196 667 1246 esse
686 1195 747 1244 non
767 1179 920 1264 oongruit
947 1181 1002 1246 eod
1022 1181 1153 1264 probare
1173 1181 1279 1264 potius
1300 1179 1334 1246 in
1355 1179 1461 1247 sobole
1480 1182 1547 1246 tra·

413 1280 526 1347 duoem
540 1279 615 1347 boni
628 1280 729 1365 patrie
743 1279 985 1348 aemulationem
997 1271 1171 1349 bonitatia'.

363 1391 402 1455 lo
453 1383 559 1450 ldnlta
586 1385 650 1450 alia
677 1385 861 1466 etquidem
890 1405 1016 1470 magna,
1046 1404 1126 1468 qnae
1154 1385 1348 1470 temperandi
1377 1383 1547 1451 uoluminis

410 1485 493 1552 ratio
513 1503 576 1552 non
593 1486 715 1567 patitur
734 1487 853 1568 prolixo
874 1505 964 1570 opere
983 1488 1134 1554 seimonis
1153 1488 1278 1554 iterari:
1301 1488 1468 1570 dequibus
1486 1486 1582 1551 boon

411 1589 536 1654 tantum
558 1585 671 1654 dixisse
692 1588 770 1654 satis
791 1589 847 1654 est.
870 1589 952 1671 qnod
967 1589 995 1655 si
1009 1589 1069 1655 illa
1087 1589 1224 1675 gentiles
1237 1606 1295 1673 pro
1310 1587 1546 1680 rostrisnudire

410 1688 596 1772 potuissent,
632 1687 766 1756 forsitan
798 1690 910 1756 statim
939 1689 1108 1756 crederent.
1144 1689 1222 1772 qnid
1250 1688 1429 1756 Christiana
1455 1689 1546 1772 plebs

411 1789 537 1868 iaceret,
564 1789 615 1856 oui
635 1791 674 1857 de
695 1791 756 1857 lide
778 1811 890 1858 nomen
914 1795 984 1860 est?
1010 1793 1184 1860 distributa
1209 1795 1284 1859 sunt
1305 1809 1378 1876 ergo
1399 1791 1545 1857 anunm

409 1910 466 1977 pro
495 1893 648 1976 qualitate
676 1893 839 1959 hominum
867 1895 960 1976 atque
985 1895 1130 1960 ordinum
1156 1893 1343 1980 ministeria.
1369 1893 1465 1959 multi
1490 1891 1545 1976 qui

410 1994 605 2078 paupertatis
615 1993 764 2061 beneficio
776 1994 921 2079 sumptus
933 1997 1145 2062 exhiberauon
1155 1995 1310 2080 poterant,
1325 1992 1583 2079 plnssumpti·1e

410 2095 470 2162 bus
491 2096 687 2175 exhibebant,
709 2100 942 2179 compensantes
962 2099 1086 2180 proprio
1105 2097 1212 2164 labore
1232 2096 1406 2163 maro-edam
1421 2093 1546 2162 duda

411 2199 556 2264 omnibus
576 2199 737 2264 aeriorem.
760 2199 876 2281 etquis
896 2217 958 2264 non
978 2199 1037 2264 sub
1058 2199 1148 2264 tanto
1162 2198 1287 2264 dootore
1300 2200 1480 2282 properaret
1494 2198 1545 2264 in-

411 2300 518 2366 uenire
537 2301 660 2382 partem
682 2299 822 2381 aliquam
841 2299 915 2366 talis
936 2300 1081 2380 militiae,
1102 2319 1158 2384 per
1172 2320 1266 2384 quam
1281 2300 1418 2386 placeret
1433 2304 1466 2367 et
1478 2301 1545 2366 Deo

411 2401 494 2486 patri
518 2403 551 2468 et
571 2400 669 2467 iudioi
690 2399 812 2466 Christo
835 2403 868 2466 et
889 2401 1018 2468 interim
1040 2403 1216 2469 sacerdoti?
1243 2402 1339 2471 fiebat
1362 2403 1469 2485 itaque
1491 2420 1544 2466 ex-

410 2503 609 2568 uberantium
624 2519 753 2585 operum
767 2503 923 2588 largitate,
939 2503 1022 2587 qnod
1035 2504 1153 2569 bonnm
1169 2504 1272 2571 estad
1286 2523 1404 2583 omnes,
1428 2522 1489 2570 non
1504 2502 1544 2569 ad
1553 2527 1584 2570 so

411 2603 493 2668 solos
516 2603 702 2670 domestieos
724 2603 807 2670 fidei.
831 2605 927 2671 fiebat
947 2606 1020 2689 plus
1042 2605 1163 2688 aliquid
1185 2624 1281 2688 quam
1303 2606 1342 2671 de
1357 2606 1473 2672 Tobiae
1494 2604 1545 2668 in·

414 2705 618 2787 comparabili
632 2704 750 2787 pietate
765 2706 924 2791 signatum
940 2710 997 2772 est.
1014 2707 1157 2790 ignoscat
1166 2707 1222 2772 ille
1233 2708 1267 2773 et
1277 2706 1420 2792 ignoscat
1429 2707 1544 2772 iterum

412 2807 444 2870 et
466 2805 645 2889 frequenter
670 2808 810 2892 ignoscat
835 2811 891 2874 aut
913 2811 950 2874 ut
972 2810 1075 2875 uerius
1097 2809 1230 2876 dixerim
1251 2809 1365 2875 neriae
1388 2809 1544 2888 mnoedat,

463 3027 595 3082 lexeroes
609 3026 636 3081 Τ
729 3026 944 3096 persequentium
956 3042 1020 3095 sono
1119 3025 1256 3081 2sioutao
1353 3007 1544 3096 monettffip,

409 3135 436 3166 a·
449 3111 712 3176 monetT‚monett
802 3110 887 3164 orarit
897 3128 922 3174 o,
936 3127 985 3165 one
1002 3111 1030 3166 Τ.
1117 3109 1511 3179 iaeitdeuaaop,densfaoito

409 3195 427 3250 3
439 3195 523 3250 solem
535 3211 642 3251 suumn
717 3211 797 3266 snper
807 3193 888 3250 bonos
900 3197 928 3250 at
939 3195 1023 3250 malos
1035 3210 1114 3248 sunm
1128 3193 1212 3249 solem
1223 3211 1249 3248 ao
1317 3196 1475 3264 impartitur
1485 3211 1511 3249 so

408 3281 428 3336 4
439 3281 544 3336 muntia
554 3281 650 3336 malim
753 3283 810 3335 tarn
822 3282 930 3335 tanturn
941 3297 980 3344 ιιι
992 3280 1038 3335 sed
1050 3279 1134 3335 etiam
1146 3279 1243 3334 alienis
1255 3279 1319 3334 odd.
1332 3296 1350 3334 o
1435 3350 1439 3359 Ι
1451 3281 1470 3335 b
1480 3280 1543 3350 non]

411 3383 553 3423 onrnono
626 3365 754 3420 imitatur
766 3381 828 3435 rouo
896 3365 1051 3436 respondete
1062 3365 1182 3435 inquito
1253 3348 1348 3420 tidnTn'
1359 3365 1510 3430 T,diemso

410 3452 427 3507 'l
439 3451 639 3522 degenereaeae
653 3451 680 3506 T
779 3449 917 3519 probario
1015 3449 1107 3505 sabole
1120 3449 1147 3504 Τ
1245 3449 1510 3503 baemuletioneeoo

410 3537 558 3608 equidem]
572 3536 686 3606 quedam
698 3553 723 3590 ao
833 3535 941 3606 magna]
954 3537 1090 3603 praetereo
1102 3534 1166 3590 aad
1179 3551 1222 3590 sou
1241 3530 1243 3536 ’
1331 3534 1366 3588 10
1376 3534 1477 3604 prolixo
1489 3549 1544 3601 son,

409 3623 529 3694 proximo
542 3623 574 3687 Τ,
585 3621 757 3692 prolixioreo
887 3635 965 3690 opera
976 3619 1106 3674 sermonis
1117 3619 1226 3689 scripsi,
1238 3633 1316 3674 onere
1324 3618 1453 3674 sermonis
1465 3619 1543 3689 Twp,

411 3707 621 3774 sermoneomf.
635 3723 695 3775 rap,
708 3709 741 3760 14
862 3705 973 3760 interari
988 3705 1184 3775 T,replioario
1310 3705 1510 3774 lipotuiaseao

410 3791 630 3848 fomitamaatr'm
640 3790 737 3846 statim
749 3794 782 3862 μ·
857 3790 964 3860 quodao
1039 3791 1187 3845 christiane
1199 3791 1276 3859 pleps
1292 3793 1318 3844 P
1390 3789 1543 3858 13laoaret]

409 3877 531 3948 latrator
618 3877 652 3931 14
662 3891 710 3946 pro
722 3875 855 3946 qualitate
867 3876 1030 3930 mutinnoao
1115 3874 1240 3929 misteria
1250 3891 1297 3945 ιιμ
1387 3877 1421 3930 15
1432 3889 1544 3944 pauper·

409 3961 478 4018 tatia
495 3961 633 4033 bonofldo]
653 3961 780 4032 angustia
796 3962 964 4031 paupertatis
975 3959 1133 4016 benedoiao
1287 3960 1321 4016 16
1332 3961 1471 4030 propriora
1486 3956 1526 4014 T·

411 4049 443 4104 ll
461 4047 578 4103 inueniri
594 4049 624 4101 in
639 4048 717 4118 parte
734 4045 861 4116 aliquan
1015 4046 1050 4100 19
1066 4043 1188 4115 interim]
1205 4045 1264 4099 tarn
1281 4043 1350 4100 bono
1367 4045 1510 4100 interimo

409 4134 769 4206 bospndornneao,om.1'
903 4134 1169 4205 non]nonaolumoo
1309 4133 1343 4186 al
1356 4132 1450 4188 deora
1463 4149 1509 4202 ιομ

410 4220 611 4292 iueonparabile
626 4221 675 4277 T·
753 4220 880 4276 tando
981 4219 1162 4291 illitemmp¹
1264 4219 1544 4290 23autntlut120t

410 4309 443 4360 ut
453 4323 487 4372 eo,
499 4309 530 4361 at
541 4307 605 4375 utp
708 4304 807 4360 dixerit
820 4305 875 4372 Tb,
886 4305 991 4361 dixerat
1005 4307 1041 4362 Τ*
1145 4306 1175 4359 et
1184 4304 1282 4360 merito
1293 4303 1435 4360 wneedsrn
1446 4321 1492 4374 ιιμ
