4016 5054
411 373 474 438 236
885 369 1070 439 hppcndix.

407 547 470 588 mus
486 533 647 590 metuentes
662 546 698 588 ns
714 530 791 590 Deus
806 529 896 588 iratus
911 527 1020 588 fulmen
1035 529 1065 587 in
1077 546 1128 588 noe
1145 530 1240 588 uibret
1251 529 1310 588 irse
1322 511 1401 601 suae,
1418 545 1453 588 ne
1464 531 1542 588 terra
1563 519 1566 526 '

409 632 561 692 dehiscens
576 648 627 690 uos
643 633 817 691 absorbeat?
841 634 874 690 ut
895 631 1037 689 interdum
1061 630 1147 689 unius
1169 629 1303 704 impietas
1324 629 1459 704 supplicii
1473 645 1542 690 cun·

406 736 496 796 sertio
512 735 618 796 multos
633 733 779 793 inuoluat:
796 737 826 792 et
840 737 909 793 sunt
923 733 1031 792 scelera
1046 737 1106 792 tam
1122 733 1267 804 immonis,
1289 736 1324 791 ut
1344 732 1454 792 uidisse
1469 749 1540 806 quo-

406 853 462 910 que
476 839 528 895 cut
542 836 658 896 audisse
674 836 714 894 eit
728 835 910 896 detestubile.
933 834 983 894 sed
1009 851 1059 893 cur
1086 834 1159 894 alies
1174 835 1204 892 in
1231 834 1319 892 simili
1341 833 1458 892 crimine
1481 839 1540 892 tam

407 955 506 998 sumne
522 938 731 998 concinentes?
762 955 812 996 cur
838 940 868 996 ct
894 938 974 996 nobis
996 938 1066 996 adeo
1083 937 1245 996 blandimur
1268 939 1298 997 et
1319 937 1395 996 aliis.
1419 940 1450 996 at
1476 937 1564 998 uides

405 1040 474 1114 quid
493 1041 528 1100 de
544 1039 654 1099 talibus
668 1039 797 1114 loquitur
823 1039 969 1112 apostolus
995 1039 1124 1098 scribens
1139 1039 1221 1099 Tito:
1252 1039 1484 1112 profitentur
1508 1055 1545 1097 se

408 1158 513 1201 nosse
536 1142 662 1212 Deum,
685 1140 802 1201 factis
823 1144 944 1199 autem
966 1142 1117 1213 nogant.
1140 1140 1216 1198 idem
1238 1139 1379 1213 inpriore
1395 1141 1431 1198 ad
1446 1139 1542 1198 limo-

410 1245 508 1302 theum
530 1246 565 1303 de
587 1243 675 1302 uidua
698 1258 771 1317 quae
787 1243 910 1316 negligit
925 1242 1080 1301 familiam:
1111 1242 1143 1300 si
1166 1259 1235 1316 quc
1256 1245 1375 1302 autem
1397 1258 1542 1302 suorum

404 1345 558 1404 maxime
580 1346 863 1405 domesticorum
886 1361 1004 1403 curam
1027 1361 1095 1403 uon
1118 1345 1238 1414 habet,
1262 1343 1372 1402 iidem
1395 1345 1545 1416 negauit

406 1449 443 1503 et
473 1450 529 1504 est
551 1447 706 1506 infideli
729 1449 903 1507 deterior.
940 1447 966 1504 si
992 1446 1077 1505 fidem
1105 1447 1225 1519 negauit
1250 1463 1323 1517 quae
1349 1445 1578 1519 negligentiuerc

412 1549 500 1607 habet
514 1567 596 1608 suam
611 1549 760 1620 familiam,
777 1550 845 1622 quid
860 1549 1003 1608 dicturum
1018 1552 1103 1621 putas
1118 1549 1152 1606 de
1167 1548 1215 1607 his
1230 1549 1281 1621 qui
1296 1565 1327 1607 sc
1343 1551 1418 1608 totos
1428 1549 1543 1608 dedide-

409 1652 479 1708 runt
504 1667 681 1710 mammonae
709 1657 738 1708 et
765 1651 880 1709 nentri?
912 1650 946 1708 do
972 1649 1146 1708 christiania
1167 1651 1266 1723 utique
1288 1651 1414 1724 loquitur
1436 1652 1544 1711 Paulus

408 1750 540 1810 scribens
569 1753 820 1826 Philippensibus,
862 1769 925 1810 cum
950 1751 1007 1808 sit:
1039 1769 1189 1823 quorum
1224 1753 1316 1810 sinis
1345 1753 1541 1824 interitus,

411 1869 559 1925 quorum
582 1853 678 1914 Deus
700 1857 829 1913 uenter
851 1857 917 1912 est.
940 1869 1011 1925 quos
1027 1853 1140 1911 eosdem
1155 1855 1237 1912 texat
1251 1854 1381 1913 scribens
1392 1853 1543 1914 Romanis:

412 1953 619 2012 huiusmodi
658 1955 807 2014 Christo
850 1955 996 2012 Domino
1045 1971 1111 2011 non
1155 1955 1344 2026 seruiunt,
1382 1957 1443 2013 sed
1479 1973 1576 2015 suom

409 2056 544 2114 uentri.
569 2056 678 2115 seruire
705 2059 783 2115 iuxta
801 2057 1007 2129 scripturorum
1023 2055 1257 2115 consuetudinem
1282 2057 1355 2114 dixit
1374 2073 1425 2130 pro
1440 2057 1541 2116 colore.

409 2161 539 2216 uentrem
559 2161 660 2218 colunt
686 2177 750 2218 eum
765 2177 849 2231 quem
864 2159 972 2216 hubent
987 2176 1037 2230 pro
1054 2160 1121 2216 lieo.
1153 2159 1210 2217 iam
1225 2160 1260 2216 de
1276 2157 1399 2216 auaritia
1421 2159 1542 2218 maniis-

406 2258 483 2317 stiuo
498 2261 585 2319 etium
601 2261 768 2332 pronuntiat
787 2261 913 2318 scribens
938 2261 972 2317 ud
998 2259 1194 2318 Colossensee:
1226 2260 1473 2330 mortificate,
1496 2261 1541 2319 iu-

407 2360 486 2433 quit,
517 2362 675 2420 membru
700 2365 936 2434 nostroquae
960 2367 1045 2418 sunt
1076 2379 1184 2432 super
1206 2367 1356 2433 terram,
1379 2362 1540 2421 fornica·

405 2461 542 2520 tionem
566 2463 834 2521 immunditiam
850 2463 1039 2520 lihidiuern
1056 2463 1399 2535 concupiscentiam
1415 2464 1576 2526 malumno

405 2566 442 2621 et
464 2565 683 2634 auaritiam,
707 2581 797 2637 quae
820 2567 877 2622 est
897 2563 1177 2622 simulacrorum
1202 2564 1380 2622 seruitus.

354 2672 393 2730 25
454 2665 626 2724 Execramur
641 2681 689 2723 eos
704 2665 754 2739 qui
769 2667 956 2738 procumbunt
971 2666 1007 2724 ad
1021 2665 1131 2723 Dianae
1148 2665 1350 2724 simulacrum:
1374 2671 1480 2739 quanto
1495 2666 1540 2724 iu·

328 2846 331 2854 ,
409 2766 486 2826 etius
502 2785 551 2827 eos
567 2785 748 2840 execramur,
779 2769 826 2842 qui
843 2772 903 2828 toto
919 2771 1031 2840 pectore
1054 2768 1186 2826 seruiunt
1208 2785 1401 2840 mammonae,
1424 2769 1472 2842 qni
1496 2768 1540 2826 illi

320 2851 327 2861 ⁶
408 2869 534 2942 quotidie
549 2870 733 2930 sacrificant?
757 2873 787 2928 et
815 2873 841 2928 ei
868 2887 971 2929 ausrns
993 2873 1038 2928 est
1059 2869 1212 2930 idololatra
1226 2870 1276 2942 qui
1292 2871 1428 2942 pecunius
1444 2872 1539 2928 studio

405 2973 530 3042 tenetur,
558 2971 607 3044 qui
624 2973 700 3044 quod
714 2973 874 3032 hereditate
889 2972 1004 3031 obuonit
1020 2973 1071 3029 aut
1086 2971 1228 3030 industria
1251 2973 1364 3044 partum
1380 2973 1424 3030 cst
1439 2989 1538 3030 recun-
1548 2993 1574 3032 m

405 3073 449 3130 dit
463 3090 515 3132 nec
530 3078 632 3146 erogat
648 3074 677 3132 in
693 3092 813 3147 egenos:
844 3075 913 3148 qnid
929 3076 1099 3132 censendum
1127 3078 1172 3132 est
1198 3075 1233 3132 de
1249 3074 1296 3131 his
1323 3075 1371 3146 qui
1387 3074 1535 3144 lenocinio,

405 3173 454 3247 qui
469 3174 577 3247 fenore,
593 3175 643 3248 qui
655 3179 745 3248 rapto,
762 3176 811 3249 qui
826 3176 934 3245 fraude,
950 3174 999 3247 qui
1015 3176 1175 3244 calumniis,
1192 3177 1242 3250 qui
1257 3175 1452 3248 opprimendis
1467 3193 1538 3246 pau·

404 3274 521 3347 peribus
538 3294 596 3336 rem
611 3279 813 3336 accumulasti
830 3280 914 3350 utque
930 3277 999 3336 haec
1015 3275 1153 3336 idolorum
1171 3276 1296 3336 seruitus
1318 3295 1375 3334 non
1391 3277 1482 3334 solum
1499 3277 1539 3334 in-

405 3377 520 3436 uenitur
535 3378 612 3437 inter
627 3379 816 3450 Christianos,
831 3395 930 3438 uerum
945 3380 1031 3438 etiam
1047 3381 1123 3454 quod
1134 3381 1304 3453 gemendum
1316 3383 1362 3438 est
1380 3381 1455 3438 inter
1477 3381 1538 3453 epi-

406 3495 518 3551 scopos.
531 3497 614 3553 porro
630 3481 799 3540 temulentia
813 3483 881 3540 adeo
897 3482 1053 3540 communis
1069 3485 1114 3540 cst
1129 3481 1244 3541 Africae
1260 3485 1384 3552 nostrae,
1412 3486 1444 3540 ut
1470 3499 1536 3555 pro·
1548 3505 1574 3544 so

405 3581 555 3653 pemodum
571 3599 628 3640 non
644 3583 769 3642 habeant
784 3599 834 3655 pro
850 3584 975 3642 crimine,
1000 3601 1093 3642 annon
1109 3584 1239 3643 uidemus
1254 3584 1291 3642 od
1307 3587 1463 3657 martyrum
1479 3601 1538 3642 me·

405 3681 511 3742 mories
527 3683 720 3743 Christianum
737 3704 754 3745 a
770 3685 931 3744 Christiano
948 3685 1010 3757 cogi
1026 3686 1061 3743 ud
1084 3685 1274 3744 ebrietatem?
1308 3702 1345 3742 an
1367 3687 1421 3744 hoc
1444 3685 1536 3742 leuius

405 3783 513 3844 crimen
529 3802 592 3844 ense
608 3785 754 3860 ducimus,
781 3804 866 3859 quam
882 3787 992 3846 hircum
1009 3787 1154 3846 immolare
1170 3787 1305 3846 Baccho?
1337 3787 1408 3846 mihi
1424 3786 1537 3845 uidetur

404 3886 494 3947 multo
510 3887 646 3960 grauius,
663 3889 688 3946 si
704 3907 762 3948 rem
780 3893 856 3948 rocta
871 3889 980 3948 ratione
997 3888 1119 3948 uelimus
1133 3891 1301 3962 expendere.
1319 3905 1382 3950 eum
1399 3890 1538 3964 tyrannus

471 4155 559 4211 tric.
581 4158 604 4223 1,
624 4159 665 4212 16.
876 4161 893 4210 8
912 4157 922 4209 l
942 4157 1010 4210 Tim.
1029 4159 1054 4220 5,
1072 4159 1096 4209 8.
1312 4159 1344 4211 13
1363 4157 1434 4212 Phil.
1453 4159 1478 4220 3,
1497 4158 1538 4210 19.

404 4241 438 4295 15
456 4239 531 4294 Rom.
553 4243 594 4306 16,
613 4243 653 4296 18,
813 4243 846 4294 18
864 4241 921 4296 Cel.
939 4243 964 4299 3.
982 4243 1006 4295 ἶ).
