4016 5054
726 368 772 422 De
789 366 1043 437 singularitate
1060 367 1261 422 olorinorum
1279 381 1301 420 c.
1321 366 1345 420 1.
1537 364 1601 435 173

466 525 655 586 uobiscum
683 543 758 586 enm
787 524 956 586 omnibns
982 527 1114 587 dlobne
1140 543 1254 601 nequo
1281 525 1325 584 ad
1347 520 1601 585 consummati-

467 645 569 689 onem
591 629 742 691 saeculi.
766 647 824 690 non
839 628 940 689 tiamne
956 647 1023 704 orgo
1039 630 1102 690 eine
1117 629 1233 690 Christo
1248 630 1279 690 in
1292 630 1348 689 hoc
1362 631 1490 703 tompore
1505 628 1603 686 trane

466 731 562 806 iterio,
577 748 614 791 ne
628 731 691 790 elno
705 732 789 791 nobie
804 731 938 792 christun
953 749 1016 791 eaeo
1032 732 1152 808 incipiat
1167 733 1198 792 in
1212 732 1319 793 futuro.

932 1039 1135 1054 m

487 1454 604 1552 XIII.
636 1455 709 1551 DE
742 1451 1187 1553 SINGVLARIIATII
1221 1454 1581 1553 OLERICORVM.

444 1966 456 2004 a
508 1923 705 2006 Promiseram
721 1946 835 2022 quidem
857 1946 940 2006 nobie
960 1950 1027 2007 ante
1048 1949 1162 2020 tempue
1182 1945 1350 2020 epistolam,
1371 1945 1425 2005 lilii
1446 1944 1630 2018 carieeImi,l

466 2065 539 2120 qnae
554 2049 680 2108 omnium
700 2066 809 2107 morum
823 2048 959 2108 Instituta
973 2051 1009 2108 de
1032 2047 1098 2122 lege
1111 2050 1314 2108 commendans
1329 2047 1492 2108 summatim
1507 2047 1605 2107 omnia

465 2149 624 2208 contineret
639 2167 831 2222 quaecumque
856 2149 999 2209 uniuersis
1025 2149 1138 2209 clericis
1167 2151 1342 2223 generaliter
1362 2152 1399 2209 ad
1424 2149 1604 2223 dingendam

466 2250 596 2324 regulam
608 2253 772 2324 competunt
783 2251 960 2324 disciplinae.
974 2253 1023 2312 sed
1037 2252 1105 2325 quia
1115 2268 1191 2311 nunc
1202 2252 1373 2313 feminarum
1384 2252 1603 2313 commoratione

466 2351 627 2427 uulgaritor
641 2353 716 2412 inter
731 2368 782 2412 noe
797 2354 913 2425 qrridam
927 2352 1101 2426 ignominiae
1112 2352 1242 2413 deuoluti
1256 2355 1334 2425 aunt,
1350 2353 1437 2413 etiam
1451 2355 1487 2412 de
1502 2355 1557 2413 hac
1570 2370 1603 2413 re

432 2481 457 2518 ro
468 2455 633 2529 specialiter
658 2456 740 2516 uobis
769 2455 884 2515 DomIni
909 2457 1086 2529 correptione
1112 2457 1237 2516 scribare
1264 2457 1426 2530 compulsus
1452 2474 1530 2515 anm:
1554 2455 1605 2530 qui

465 2557 602 2616 misorum
623 2573 668 2616 me
690 2575 742 2630 pro
765 2561 862 2616 uestra
883 2556 1067 2631 neglegentia
1082 2574 1147 2616 cum
1163 2558 1319 2616 eeuemtate
1334 2557 1506 2617 conueniens
1520 2575 1602 2616 man·

466 2659 534 2719 dare
548 2659 710 2732 praecopii,
733 2673 769 2716 ne
794 2659 891 2718 clerIci
916 2677 980 2718 cum
995 2659 1110 2718 iemtnia
1136 2663 1356 2718 commorentur.
1381 2663 1411 2718 et
1435 2659 1508 2718 licat¹
1533 2659 1605 2718 haec

466 2760 623 2821 admonitio
639 2759 702 2821 ecla
715 2760 876 2820 litterarum
891 2778 1017 2822 mearum
1032 2762 1204 2821 anctoritate
1219 2762 1373 2832 sufficeret,
1395 2765 1491 2819 mmen
1506 2778 1543 2820 ne
1556 2777 1602 2820 me

466 2864 667 2922 somniatorem
700 2862 824 2922 inrideat
855 2864 1022 2938 quiequam,
1060 2863 1137 2922 sicut
1166 2864 1271 2936 Ioseph
1298 2867 1404 2924 fratrea
1436 2863 1604 2934 inriserunt,

432 2989 456 3028 ra
467 2964 674 3038 scripturarum
696 2963 828 3024 addimus
852 2965 1032 3039 firmitatem,
1057 2967 1092 3024 ut
1114 2983 1212 3026 omnes
1233 2966 1326 3025 sciant
1346 2967 1400 3026 lroc
1420 2967 1508 3026 etiam
1521 2967 1605 3026 modo

466 3083 517 3140 por
532 3065 736 3125 renotationem
751 3066 902 3126 Dominum
917 3067 1031 3139 iubere,
1056 3069 1131 3141 quod
1147 3067 1255 3127 Iltteris
1268 3068 1449 3142 cognoscitur
1463 3071 1529 3127 ante
1543 3069 1605 3127 ine·

466 3167 555 3241 eiese,
578 3185 631 3228 neo
651 3186 704 3229 noa
724 3186 787 3230 ease
802 3169 1000 3229 adulterantes
1021 3170 1141 3229 uerbum
1155 3170 1269 3230 Domini
1285 3173 1336 3230 ant
1349 3171 1478 3231 nolentes
1493 3171 1605 3230 iactan-

466 3273 512 3330 ter
532 3271 567 3330 de
582 3271 806 3331 reuelationibus
822 3272 957 3346 gloriari,
984 3273 1035 3332 eod
1056 3272 1098 3330 nio
1112 3275 1180 3331 ante
1196 3277 1378 3346 conspectum
1392 3273 1506 3332 Domini
1527 3273 1603 3332 reia·

468 3375 556 3434 rondo
570 3390 628 3432 non
642 3373 760 3434 mentiri
774 3374 850 3447 qnod
864 3375 1022 3448 loquimur:
1038 3373 1115 3434 sicut
1129 3392 1148 3434 a
1161 3374 1282 3434 Domiao
1297 3374 1464 3434 confidimus
1478 3391 1531 3434 noa
1546 3392 1601 3435 non

537 3657 555 3710 2
573 3655 668 3710 flamm
687 3657 761 3726 crgo}
779 3656 863 3710 eimua
881 3656 974 3724 ltaqno
993 3657 1032 3720 X,
1050 3656 1145 3726 itaquo
1163 3657 1250 3711 simne
1267 3673 1292 3712 n.
1312 3687 1343 3696 —
1362 3655 1481 3726 Explicit
1499 3655 1532 3710 de
1549 3655 1605 3710 XII

403 3761 407 3772 ·
468 3742 592 3794 ebusinie
609 3742 711 3795 eaoculi
731 3741 764 3805 0,
788 3741 907 3810 Explicit
924 3729 963 3796 eci
986 3729 1034 3796 ro‘h
1053 3740 1232 3798 chmeoetomi
1249 3758 1280 3795 ox
1298 3741 1416 3810 opiatnla
1432 3741 1506 3796 beati
1524 3741 1605 3796 Pauli

467 3826 585 3896 apostoli
603 3826 638 3880 ad
656 3827 805 3881 corintmoe
821 3827 909 3896 prima
927 3830 987 3893 (oio)
1007 3827 1046 3892 X,
1064 3844 1115 3882 em.
1141 3828 1172 3882 V.
1191 3858 1225 3866 -

536 3911 641 3981 incipit
658 3911 691 3966 do
708 3911 901 3981 ringularItate
924 3913 1082 3969 clericorum
1107 3912 1240 3984 (cypriani
1265 3914 1330 3970 odd.
1349 3930 1421 3969 mora
1439 3915 1504 3984 rec.)
1523 3912 1552 3969 0.
1572 3943 1605 3952 -

467 3997 680 4065 repromiseram
704 3996 926 4062 (teminorum
1053 4001 1070 4053 6
1089 4000 1179 4053 omnia
1197 4001 1316 4056 etiamo
1440 3999 1509 4055 ilde
1526 3999 1606 4053 iomi-

467 4097 563 4136 narnm
581 4101 599 4137 o
748 4083 766 4137 9
784 4083 949 4152 ignonriniae
967 4084 996 4149 0,
1015 4083 1050 4137 ad
1068 4084 1247 4154 ignominiam
1266 4086 1336 4140 corti.
1357 4084 1508 4146 Poetelius,
1526 4085 1605 4153 igno-

468 4168 584 4223 minicea
601 4169 672 4224 coni
692 4169 829 4223 Eroamcca
943 4171 979 4224 10
995 4169 1112 4225 scribere
1129 4185 1180 4224 om.
1204 4171 1228 4226 0
1342 4172 1375 4225 11
1393 4169 1554 4225 conueniens
1576 4168 1606 4233 0,

467 4255 651 4324 corripieneo
755 4255 789 4309 13
806 4269 916 4310 mecm.
940 4257 964 4311 0
1067 4257 1100 4310 14
1118 4255 1250 4310 rideatO
