4016 5054
603 466 649 522 De
667 463 924 534 singnlsriteto
941 464 1153 521 elericorum.
1176 481 1197 519 u
1215 465 1293 522 3-4.
1459 470 1522 539 177

428 625 693 700 Quantumcumque
718 623 809 684 fuerit
832 624 1027 698 unusquisque
1051 624 1166 698 longius
1185 625 1223 685 eb
1249 625 1390 700 aduersis,
1405 627 1552 688 tuntum4

384 744 441 787 non
451 727 541 787 sentit
554 727 685 786 aduersa.
700 726 796 786 minus
807 726 1005 799 uoluptatibus
1014 725 1188 803 stimulatur,
1200 727 1250 802 qui
1261 744 1318 788 non
1331 731 1386 803 est,
1402 729 1453 790 ubi
1463 729 1523 790 ire·

383 828 501 903 quentia
529 832 575 888 est
602 827 793 903 uoluptetum.
816 831 846 888 st
872 827 966 889 minus
987 827 1126 888 auaritiae
1154 829 1302 890 molestias
1332 831 1443 904 patitur
1472 833 1523 908 qui

384 931 503 992 diuitias
514 948 572 991 non
583 930 673 1001 uidet,
685 929 712 990 ei
723 929 903 990 admittimus
915 931 1075 1006 apostolum
1089 931 1286 1006 pollicentem:
1302 933 1364 1005 qui
1379 933 1522 1008 uolunt,

361 1034 485 1110 sinquit,
501 1025 642 1093 diuites
657 1032 756 1106 lieri,
780 1032 952 1094 incidunt
973 1033 1011 1092 in
1025 1035 1309 1109 temptationem
1331 1037 1367 1094 et
1389 1035 1521 1096 musei·

382 1137 468 1212 pule
507 1138 544 1196 et
573 1135 766 1198 desideria
797 1135 917 1197 multa
948 1140 983 1197 et
1015 1136 1174 1198 inutilis
1207 1139 1244 1198 ot
1265 1138 1393 1211 noxie,
1428 1156 1521 1213 quse

381 1241 549 1314 mergunt
570 1237 750 1299 bominem
771 1238 810 1297 in
832 1239 1080 1313 perditionem
1109 1242 1145 1300 ot
1170 1239 1207 1298 in
1229 1240 1440 1300 interitum.
1463 1256 1521 1299 non

381 1340 465 1401 aliter
479 1339 717 1416 temptationibus
733 1339 864 1400 subiaeot
877 1339 928 1416 qui
942 1339 1055 1402 innotus
1067 1343 1113 1402 ose
1123 1341 1256 1416 feminee,
1271 1343 1302 1402 in
1317 1361 1374 1417 qus
1388 1342 1463 1402 nibil
1475 1345 1521 1403 eat

381 1443 460 1503 alind
475 1442 533 1502 nisi
547 1445 623 1515 quod
637 1443 723 1502 feriet
739 1443 958 1517 proximantem.
981 1444 1096 1502 eculeus
1122 1444 1232 1517 peceati
1258 1443 1336 1503 faeta
1361 1447 1406 1504 est
1426 1444 1519 1504 torma

346 1544 514 1617 rotominse,
530 1547 559 1602 et
573 1543 675 1602 mortis
689 1543 817 1603 eondioio
831 1561 889 1602 non
904 1544 1020 1604 aliunde
1035 1545 1162 1604 surrexit
1176 1543 1233 1603 nisi
1249 1545 1284 1604 de
1298 1545 1433 1605 muliebri
1448 1545 1520 1605 sub·

381 1647 499 1707 stantia
537 1645 613 1722 quod
636 1645 771 1707 Salomon
796 1647 834 1706 ad
859 1649 988 1706 nostrum
1013 1647 1235 1706 sollicitudinem
1250 1649 1389 1707 memorat
1403 1647 1519 1708 dieene:
1586 1649 1592 1658 '

378 1749 573 1808 emuliere
595 1747 734 1808 inotum
756 1751 812 1808 ost
834 1747 986 1808 initium
1006 1748 1169 1823 perusti,
1196 1749 1233 1806 et
1252 1751 1406 1824 propter
1428 1749 1522 1809 bano

379 1867 500 1911 omnes
521 1850 705 1911 morimur.
729 1851 796 1910 indo
811 1849 947 1910 mortales
962 1851 1093 1911 tenemur
1106 1865 1159 1910 neo
1173 1849 1316 1910 timemus.
1333 1849 1402 1923 quid
1418 1850 1445 1910 si
1459 1851 1517 1908 iam

381 1950 549 2013 inmortales
578 1954 727 2012 essemus?
750 1966 803 2024 por
823 1949 972 2010 mulierem
996 1949 1132 2010 libereuit
1151 1966 1205 2010 nos
1225 1950 1358 2024 equidem
1373 1949 1520 2020 Christus,

342 2073 369 2112 rs
387 2054 438 2112 sed
452 2053 529 2113 unde
543 2052 637 2112 edbno
648 2051 787 2111 morimur
800 2051 953 2112 formidare
975 2052 1117 2112 debemus.
1141 2055 1211 2110 tuno
1224 2051 1359 2112 liberatio
1374 2053 1438 2126 ipsa
1452 2067 1521 2112 uon·

385 2153 476 2215 stabit
489 2155 520 2213 in
534 2154 660 2228 femina,
683 2153 711 2213 ei
725 2155 840 2214 anobis
855 2171 932 2214 mors
947 2155 1111 2214 rouinoetnr
1124 2169 1198 2230 queo
1212 2170 1265 2228 per
1283 2155 1419 2214 feminam
1433 2170 1522 2214 ueno-

380 2260 434 2316 rat.
450 2257 618 2316 osterumsi
642 2257 737 2315 edbrm
761 2271 814 2330 per
827 2255 977 2316 mulierem
1004 2255 1081 2316 oiroa
1094 2273 1146 2316 noe
1172 2256 1310 2316 soundnln
1325 2256 1521 2330 dominentur,

381 2358 561 2420 liberationis
572 2357 679 2418 christi
694 2357 876 2433 iooimnapro
887 2361 965 2418 oerto
978 2357 1173 2432 dispendium:
1189 2359 1332 2432 siquidem
1347 2359 1378 2418 in
1388 2359 1519 2419 futurum

383 2475 450 2534 spes
462 2460 521 2519 ista
536 2460 682 2520 libertatis
697 2461 795 2519 menet
810 2476 895 2532 quem
910 2458 978 2517 fidei
992 2461 1107 2520 nostrae
1122 2459 1270 2520 Christum
1289 2460 1433 2520 oredimus
1449 2476 1521 2520 oon-

349 2577 376 2619 so
386 2561 497 2636 tulisse,
525 2563 558 2620 ut
572 2564 641 2622 tuno
655 2561 739 2622 nobis
761 2561 875 2622 omnino
901 2560 1006 2622 mulier
1019 2577 1077 2620 non
1091 2565 1202 2636 nooeat,
1228 2577 1294 2622 oum
1319 2566 1350 2622 et
1363 2562 1429 2638 ipse
1442 2579 1520 2623 mors

385 2665 472 2725 luerit
487 2665 634 2724 eueooate.
649 2681 717 2722 nem
737 2663 763 2722 si
778 2663 861 2722 modo
878 2665 1014 2738 putamus
1033 2681 1087 2724 nos
1101 2663 1317 2738 intemptabilos
1336 2680 1401 2724 esse
1415 2664 1520 2724 mulio·

382 2765 482 2824 bribns
497 2763 610 2837 ieonlie,
633 2761 709 2822 nibil
725 2779 794 2838 ergo
809 2766 902 2824 restet
916 2762 1087 2825 oeeleetibue
1102 2766 1209 2840 regnis.
1224 2782 1283 2826 non
1296 2766 1430 2827 inmerito
1445 2766 1521 2826 tales

382 2883 484 2927 seusus
498 2864 645 2938 apostolus
660 2865 791 2940 increpet
812 2865 928 2926 diosna:
952 2867 1021 2925 iem
1046 2865 1178 2926 satiati
1200 2867 1309 2940 setis,
1331 2867 1400 2926 iam
1423 2867 1521 2927 dini-

381 2972 439 3029 tse
459 2967 555 3028 faeti
578 2966 690 3028 estis:
722 2967 802 3028 sine
824 2967 934 3029 nobis
955 2967 1141 3042 regnatis,
1170 2971 1207 3027 et
1227 2967 1370 3030 utinum
1390 2985 1520 3044 regne-

347 3089 372 3130 ss
383 3070 444 3130 tis.
467 3074 581 3143 tempus
596 3085 666 3145 ergo
680 3069 774 3130 adhue
789 3069 955 3130 luotaminie
975 3071 1084 3144 geritur
1103 3072 1134 3129 et
1155 3086 1232 3130 mors
1246 3087 1298 3144 por
1312 3071 1449 3130 seminem
1465 3073 1518 3131 ad·

381 3173 437 3234 bno
451 3189 542 3247 nsque
557 3175 714 3248 grassetur.
730 3173 867 3247 mentior,
894 3171 921 3233 si
933 3189 990 3232 non
1011 3171 1141 3232 uidemus
1155 3172 1256 3234 exinde
1271 3173 1407 3234 interitus
1421 3173 1517 3249 pluri·

380 3291 499 3336 morum.
516 3276 617 3350 quenti
633 3279 663 3335 et
678 3274 779 3348 qualos
794 3273 921 3349 episoopi
936 3277 965 3334 et
980 3273 1075 3334 olerioi
1091 3273 1176 3334 simul
1191 3277 1221 3334 et
1240 3273 1308 3334 lnioi
1322 3277 1389 3349 post
1403 3275 1517 3336 oonies-

384 3378 495 3438 sionum
510 3377 750 3451 uictoriammqne
765 3376 877 3436 ouloata
890 3374 1061 3446 oertumina,
1082 3379 1149 3448 post
1168 3375 1315 3451 magnalia
1328 3379 1360 3436 et
1369 3376 1456 3451 signa
1469 3375 1517 3437 nol

380 3480 525 3541 mirabilia
538 3496 629 3556 usque
644 3495 756 3554 queque
770 3479 932 3539 monstrata
942 3482 1098 3539 nosonntur
1109 3495 1175 3540 oum
1186 3479 1232 3540 hia
1254 3478 1386 3540 omnibus
1399 3477 1517 3538 neufre-

346 3604 371 3646 ao
380 3599 551 3658 guedetam
565 3583 668 3643 nolunt
682 3581 713 3641 in
725 3581 793 3642 naui
807 3579 906 3656 fragili
922 3580 1080 3654 nauigare?
1096 3583 1218 3656 quantoe
1233 3580 1329 3641 leones
1340 3581 1450 3642 domuit
1460 3597 1518 3640 una

416 3832 420 3840 ·
446 3795 497 3851 41
514 3796 585 3852 lim.
604 3798 629 3864 3,
646 3796 673 3851 9.
777 3795 811 3850 12
828 3793 880 3850 Sir.
897 3794 940 3860 25,
960 3795 1002 3850 24.
1106 3795 1142 3849 23
1159 3797 1173 3850 1
1192 3795 1253 3852 Cor.
1270 3798 1298 3860 4,
1315 3797 1342 3851 8.

445 3998 464 4054 2
481 3998 669 4054 uoluntatibus
688 3997 712 4054 0
784 3996 974 4067 3t'reqnentiu
991 4001 1034 4052 ost
1050 3997 1133 4056 ubio
1240 3999 1304 4055 bet
1325 3999 1356 4067 0,
1373 4003 1403 4054 et
1420 4001 1484 4058 ino

379 4085 556 4154 muscipulam
574 4083 617 4148 0¹,
635 4083 834 4152 mmeipolaeo
937 4083 972 4137 13
989 4082 1105 4153 quidsi]
1124 4082 1286 4152 qmsifort.
1384 4085 1419 4140 21
1436 4085 1517 4138 muli·

379 4169 469 4225 eribus
490 4170 524 4228 0¹
601 4169 636 4224 22
653 4169 724 4224 nihil
746 4167 776 4237 O,
794 4167 894 4238 quido
971 4169 1006 4224 23
1023 4170 1163 4240 spostolus
1180 4169 1278 4240 paulus
1299 4169 1325 4227 0
1397 4169 1518 4225 ultonem

378 4254 633 4312 landeberte
701 4252 936 4324 ilregnaetist'
1002 4253 1211 4310 turnemmmis
1228 4253 1351 4311 adbnoo
1419 4255 1518 4310 neus·

378 4355 429 4410 qne
449 4339 510 4396 Ge.
528 4341 546 4396 l
564 4343 638 4394 Μ
742 4337 778 4393 30
795 4355 849 4394 unu
870 4339 901 4406 0,
918 4354 973 4395 una
989 4339 1164 4396 muliebriso

396 4513 401 4527 .
480 4447 561 4494 urna
1269 4431 1309 4490 12
