4012 5056
1419 410 1571 458 LXXXVII

432 541 588 610 eBeiuzio
599 541 760 628 usurpetis
770 541 805 608 in
815 540 1018 626 praefatione,
1032 531 1079 608 ‘in
1092 560 1154 626 que
1167 543 1241 628 post
1254 544 1453 613 enumeratos
1467 545 1571 612 saneti

432 651 581 738 cypriani
608 671 739 740 operum
768 654 920 722 editiones
950 654 989 720 de
1018 673 1043 719 s.
1072 655 1225 739 martyris
1254 654 1397 723 doctrine
1424 656 1571 742 pluribus

432 756 608 831 disseritur'
630 765 684 830 nel
698 765 732 833 in
746 759 826 832 ‘nite
839 763 871 832 S.
887 752 1049 850 cyprimi’
1069 764 1171 846 ipsius
1192 783 1268 831 eure
1281 765 1433 832 edomate
1447 769 1573 849 praeter

432 876 863 960 eequeeinednotetionibue
874 875 1013 945 indioetu
1022 879 1111 942 erunt
1122 875 1260 961 emplius
1271 877 1437 961 quiequam
1448 879 1574 962 poteret

432 987 553 1054 soon·
572 987 719 1054 merem
739 1005 812 1054 uero
826 987 977 1054 suenus
999 988 1121 1054 osseo
1142 989 1296 1072 quotquot
1315 989 1350 1053 in
1368 988 1573 1056 einnonem
1658 971 1663 981 ’

402 1183 406 1191 ¹
433 1094 556 1164 Galliae
570 1099 736 1164 exstabunt
747 1099 780 1164 et
790 1099 875 1166 inter
889 1115 941 1166 eos
956 1099 1094 1180 optimos
1109 1098 1405 1181 uetustissimosque
1420 1117 1498 1182 qnos
1514 1116 1573 1184 ego

432 1206 530 1274 hebui
545 1206 684 1275 Gellieos
705 1209 745 1275 sd
766 1228 865 1274 unum
885 1225 1003 1287 omnes,
1024 1207 1115 1274 uelut
1128 1207 1370 1292 Seguierienum
1385 1207 1442 1293 (fl),
1463 1210 1574 1279 'Phne-

433 1335 525 1384 neum
535 1317 601 1404 (Ρ),
613 1318 823 1386 Pithoennum
833 1317 899 1406 (Q),
912 1318 1129 1386 Corbeiensem
1142 1318 1205 1405 (0),
1218 1317 1495 1402 compendiensem
1507 1320 1572 1407 (Ε),

433 1427 637 1497 Serbonioum
664 1427 711 1517 (o)
738 1431 798 1497 ete.
823 1429 953 1498 Itelieoe
973 1430 1126 1516 Anglieoe
1147 1428 1346 1498 Germanicos
1372 1432 1497 1514 prester
1522 1448 1574 1498 eos

435 1542 489 1625 qui
515 1557 571 1624 per
595 1539 675 1607 ulios
703 1541 905 1609 innotuerant
933 1542 1101 1627 usurpauit
1131 1543 1245 1608 nullos.
1276 1541 1390 1608 sedin
1417 1539 1573 1626 eligendis

437 1651 604 1735 seripturis
617 1651 853 1718 uetustissimos
867 1650 965 1718 libros
979 1669 1107 1734 prorsus
1122 1651 1188 1718 iere
1198 1652 1338 1736 neglexit
1348 1651 1575 1718 reeentionibus

438 1763 472 1828 et
492 1749 690 1846 interpolatis
712 1761 760 1829 ite
781 1762 937 1842 addictus,
963 1763 1000 1828 ut
1021 1763 1104 1829 ulter
1122 1762 1284 1829 Pemeliue
1305 1781 1400 1845 quem
1421 1761 1521 1828 etiem
1540 1761 1575 1828 in

435 1872 614 1958 digerendis
635 1873 780 1956 epistulis
801 1876 927 1940 seontus
942 1874 991 1940 eet
1005 1875 1129 1940 textum
1149 1873 1252 1958 megi·
1275 1873 1462 1956 deproperet
1477 1891 1575 1955 quem

435 1979 627 2067 emendaret,
648 1983 683 2048 in
697 2001 759 2068 quo
773 1984 992 2050 uehementius
1006 1986 1056 2050 est
1069 1982 1309 2068 uituperatione,
1325 2002 1398 2050 eum
1411 1982 1576 2068 Rigaltius

433 2094 467 2159 et
481 2090 670 2160 Oxoniensee
694 2093 842 2178 plurimis
868 2093 946 2160 loeis
972 2095 1095 2160 textum
1122 2093 1300 2162 reotissime
1325 2092 1574 2160 eonstituiesent.

434 2203 558 2288 spurius
573 2203 726 2288 epistulae
740 2205 806 2270 tres
819 2205 942 2288 primus
957 2204 1159 2288 euulguuieee
1174 2204 1324 2282 ereditur,
1340 2203 1485 2270 exstebst
1500 2221 1576 2270 uero
1684 2215 1688 2232 ·

433 2314 535 2380 altere
545 2311 644 2398 (App.
657 2314 792 2400 utere)
804 2332 912 2381 eorum
927 2315 961 2380 in
972 2315 1161 2398 Hieronymi
1175 2317 1262 2381 tomo
1278 2316 1388 2397 quinto
1403 2333 1433 2397 p.
1448 2315 1514 2382 406
1528 2331 1576 2397 eq.

435 2423 643 2489 eMsrtinoeo
665 2441 693 2488 e.
711 2425 796 2490 1706
821 2423 906 2489 edito
931 2442 988 2490 nee
1012 2425 1131 2492 inditio
1155 2424 1271 2491 desunt
1296 2425 1377 2490 hene
1402 2424 1575 2490 editionem

438 2533 607 2599 Belmium
630 2534 828 2618 imprimenti
853 2534 975 2600 dedisse
1002 2535 1055 2619 (oi.
1081 2553 1112 2618 p.
1133 2535 1270 2616 276,14;
1295 2536 1410 2613 277,1;
1439 2533 1575 2612 suen&

436 2645 581 2729 280‚13).

480 2755 561 2822 Post
574 2755 743 2821 Belnninm
757 2753 906 2840 Cypriani
926 2773 1019 2838 opero
1040 2756 1147 2822 omnis
1161 2756 1202 2822 ed
1216 2757 1314 2822 libros
1332 2775 1429 2823 menn
1444 2757 1579 2840 scriptos
1607 2780 1721 2827 menn

441 2882 533 2931 nemo
557 2866 714 2945 exursuit;
741 2885 816 2932 nem
841 2865 923 2968 duee
948 2866 1052 2932 tosus
1077 2865 1240 2946 editiones,
1266 2885 1399 2950 quorum
1421 2851 1744 2964 primuin⁸2¹12⁸3„2’*

441 2976 625 3043 eolleetione
658 2977 775 3044 seleote
803 2975 857 3044 SS.
888 2977 1035 3044 eeclesiae
1063 2979 1193 3061 petrum
1222 2979 1392 3044 Medioleni
1422 2997 1450 3044 n
1483 2979 1579 3057 1835,

438 3086 575 3153 seeunde
600 3088 633 3152 et
658 3087 753 3152 tertis
778 3087 911 3154 Parisiis
937 3106 965 3153 n
995 3089 1079 3154 1836
1104 3088 1298 3172 prodierunt,
1324 3104 1418 3170 opere
1443 3088 1581 3172 genuine

441 3196 648 3277 continentes,
678 3197 844 3264 Belenisni
872 3199 979 3266 textus
1007 3215 1113 3264 meree
1137 3197 1340 3282 repetitiones
1364 3198 1449 3264 sunt.
1482 3215 1583 3280 neque

437 3307 578 3393 Migniue
590 3307 760 3393 quiequam
771 3307 1002 3392 pmeetititniei
1010 3308 1094 3392 qnod
1104 3307 1203 3374 libros
1214 3307 1338 3373 emunit
1348 3308 1449 3391 pretio
1458 3307 1583 3374 uenales

437 3418 576 3486 hnmano
590 3419 647 3485 sed
660 3419 835 3486 innumeris
848 3420 1120 3504 typographorum
1134 3417 1258 3485 mendis
1273 3419 1391 3484 enetos.
1407 3419 1583 3486 exBeluuio

438 3545 561 3614 qnoque
583 3528 736 3612 epistulas
755 3529 923 3596 nonnullos
944 3527 1149 3595 Ooustuntius
1165 3527 1349 3612 (Epistoloe
1363 3525 1584 3593 Romonomm

433 3640 625 3725 pontificum
638 3645 668 3707 eo
681 3659 765 3722 qnae
784 3640 830 3706 od
849 3658 900 3707 eos
919 3640 1059 3722 scriptae
1078 3644 1154 3706 mett
1168 3640 1270 3706 Puris.
1288 3639 1372 3705 1721
1393 3639 1583 3724 p.126eq.‚

438 3769 511 3838 peg.
527 3751 591 3818 211
607 3769 655 3835 eq.
670 3751 814 3836 Appeud
829 3770 861 3837 p.
875 3752 944 3835 26),
965 3753 1090 3818 enodem
1109 3751 1265 3835 epistulas
1279 3751 1313 3816 et
1325 3750 1477 3816 nonnulle
1490 3767 1585 3834 opere

439 3859 627 3929 Gallendius
655 3859 872 3948 (Bibliotheca
896 3867 958 3928 oet.
981 3865 1069 3943 paor.
1095 3861 1364 3943 amoenumque
1390 3862 1583 3943 scriptorum

439 3973 725 4040 ecclesiastieorum
739 3977 817 4041 tom.
828 3973 891 4040 111.
903 3973 1047 4041 Venetiis
1061 3973 1145 4040 1767
1159 3992 1192 4058 p.
1204 3972 1270 4039 333
1280 3971 1341 4056 sq.)
1357 3973 1583 4056 repetiuerant

441 4085 481 4151 ed
506 4082 714 4152 Oxoniensem
742 4101 818 4151 uero
843 4103 935 4152 susm
961 4083 1132 4150 editionem
1158 4082 1325 4149 edomeuit
1349 4081 1511 4149 Goldhorn
1537 4081 1586 4169 (in
1633 4105 1711 4151 enee

441 4195 838 4280 summouentem
857 4195 1208 4282 antuerpenses),
1233 4195 1288 4279 qui
1312 4195 1459 4280 quemuis
1481 4194 1587 4260 nunes
1604 4173 1743 4229 “tm

438 4307 560 4374 oodioee
570 4307 804 4374 nuneiseeretur
815 4324 943 4373 summe
950 4306 1140 4374 Germaniae
1150 4305 1359 4374 bibliothecas
1369 4305 1476 4389 inopie
1485 4303 1587 4388 premi
