4012 5066
478 407 521 471 66
773 354 776 362 v
953 398 1137 468 Appendin

479 560 515 618 et
543 574 621 618 num
658 557 867 630 inuenerit,
904 560 1085 618 nonnonat
1119 557 1258 619 eminae
1286 559 1323 618 et
1351 556 1499 617 nininae
1528 572 1614 616 auae

477 658 621 720 dinone:
651 659 900 736 gratulamini
929 659 1034 731 milui,
1064 661 1237 734 qnoniam
1266 659 1394 720 inueni
1424 658 1613 719 denarium

477 778 580 836 quam
604 762 847 835 perdideram.
877 761 958 822 dieo
983 761 1090 822 nobie
1117 763 1203 836 quia
1238 763 1315 823 tale
1340 761 1513 836 gaudium
1539 761 1614 820 erit

476 863 514 924 in
534 867 736 938 nonepentu
757 863 972 939 angelornm
987 863 1053 922 Dei
1067 881 1179 938 anper
1193 881 1262 924 uuo
1277 865 1475 939 pennatore
1489 863 1612 938 paeni·

474 966 632 1026 tentiam
657 969 800 1040 agente.
830 982 847 1025 e
868 965 1009 1026 eontrario
1030 969 1127 1026 autem
1148 981 1205 1025 nnn
1226 969 1346 1040 egerim
1366 966 1525 1026 facinorum
1545 979 1634 1024 enon

475 1086 540 1128 rum
559 1069 765 1142 poenitentiam
786 1085 859 1142 qnae
880 1083 927 1127 eor
948 1070 1082 1127 maneant
1102 1083 1137 1128 er
1160 1069 1253 1140 ipeiuu
1277 1068 1392 1128 Domini
1412 1083 1549 1142 reapoueo
1564 1083 1612 1128 no·

476 1173 626 1243 qnnenant.
656 1169 781 1244 legimur
796 1169 873 1228 enim
887 1169 918 1228 in
932 1169 1081 1244 euangelio
1103 1170 1179 1243 quod
1199 1169 1346 1244 qnidam
1366 1169 1551 1230 uenerunt
1571 1167 1612 1228 de

476 1269 657 1330 Galilaeie
692 1270 736 1330 ad
764 1268 975 1342 Dominum,
1011 1269 1279 1330 adnuntiantes
1306 1270 1339 1330 ei
1375 1271 1416 1330 de
1448 1269 1504 1330 eie
1531 1285 1612 1344 qno·

474 1388 553 1431 rum
568 1371 782 1446 sangninem
795 1370 946 1432 mianuit
959 1371 1107 1432 Pilatue
1121 1387 1198 1432 num
1211 1370 1421 1433 aanriliniia
1435 1370 1610 1446 ipsorum:

474 1472 611 1546 quibua
639 1472 834 1546 respondit
862 1471 1040 1532 Dominae
1067 1472 1213 1532 dinone:
1245 1473 1400 1546 putatia
1429 1472 1516 1547 quia
1544 1471 1647 1532 illino

474 1573 639 1634 Galilaei
666 1590 777 1649 anper
804 1575 951 1634 neteroe
981 1572 1179 1634 Galilaeoe
1200 1577 1423 1649 pennatnree
1445 1574 1607 1654 inerant,

475 1675 564 1750 qnia
592 1675 695 1749 paesi
729 1677 819 1736 eunt
846 1676 963 1736 talia?
992 1693 1070 1736 nou.
1105 1675 1191 1736 dino
1218 1677 1316 1736 enim
1343 1676 1473 1750 uobir,
1505 1675 1611 1751 inquit,

475 1775 561 1850 quia
587 1777 666 1836 niei
694 1776 963 1851 paenitentiam
986 1775 1166 1851 egeritis,
1198 1794 1321 1838 omnen
1343 1777 1531 1838 similiter
1551 1795 1609 1851 pe·

473 1877 593 1938 rietia.
633 1880 698 1938 ant
729 1876 792 1937 illi
832 1878 954 1938 danem
995 1881 1032 1938 et
1070 1881 1152 1939 ento
1190 1895 1303 1952 anper
1341 1896 1431 1953 quoe
1472 1877 1611 1939 nenidit

473 1979 593 2038 turris
615 1980 652 2038 in
680 1979 798 2051 Siloa,
820 1979 967 2052 putatia
996 1979 1084 2052 quia
1104 1979 1302 2041 debitores
1324 1979 1479 2040 inerunt
1499 1980 1644 2041 mortim

472 2097 583 2154 super
610 2097 733 2141 omnen
762 2081 928 2142 hominen
951 2081 1013 2156 qui
1040 2079 1268 2141 habitabant
1289 2081 1327 2141 in
1348 2081 1608 2142 Hierusalem?

472 2199 552 2256 nou,
574 2182 656 2243 dino
677 2183 794 2255 uobis,
817 2183 921 2258 inquit,
937 2183 1021 2257 quia
1042 2183 1118 2243 nini
1139 2183 1416 2256 paenitentiam
1437 2183 1608 2258 egeritis,

472 2301 598 2345 omnee
620 2284 807 2345 eimiliter
828 2285 1003 2358 purletia.
1184 2271 1186 2276 ’

424 2387 464 2445 16
515 2384 682 2444 Exnitemue
702 2386 798 2460 itaque
819 2403 871 2446 noe
886 2389 1025 2460 quantum
1050 2403 1213 2460 possumne,
1236 2386 1342 2448 iratum
1357 2386 1555 2458 dileetieeimi,
1578 2389 1609 2445 et

474 2486 597 2560 abrupto
617 2485 738 2546 inertiae
758 2489 789 2546 et
814 2486 979 2546 aenuritatia
1003 2503 1101 2547 somno
1122 2488 1160 2546 ad
1183 2487 1364 2546 obseruanda
1386 2486 1502 2546 Domini
1522 2501 1642 2561 prae-an

473 2589 556 2661 nepta
571 2587 736 2660 uigilemne.
757 2604 927 2662 quaeramur
952 2590 1015 2648 tota
1029 2590 1124 2648 mente
1139 2587 1216 2661 quod
1229 2587 1416 2660 perdidimus,
1430 2590 1465 2646 nt
1478 2587 1607 2648 inuenire

471 2688 630 2762 possimne:
665 2687 750 2761 qnia
778 2687 990 2766 quaerenti,
1024 2689 1066 2748 ait
1098 2687 1252 2762 scriptura,
1286 2686 1444 2749 dabitur
1472 2691 1506 2748 et
1527 2686 1607 2762 pul·

471 2787 576 2848 aanti
598 2805 644 2862 ap
654 2788 810 2848 orietur.
840 2789 1010 2849 mundemus
1031 2791 1145 2850 domum
1170 2793 1300 2850 nostram
1315 2789 1457 2848 munditia
1471 2787 1606 2864 apiritali,

470 2891 504 2950 ut
529 2893 640 2950 eenreta
666 2907 794 2966 quaeque
814 2892 845 2950 et
864 2890 964 2950 abdita
989 2891 1115 2966 pentoris
1135 2889 1228 2951 noemi
1250 2907 1317 2951 nero
1337 2889 1482 2964 euangelii
1496 2888 1604 2950 lumine

470 2991 583 3052 radiata
602 2992 717 3052 dinant:
742 2993 815 3054 tibi
842 2992 917 3052 eoli
942 2991 1087 3067 deliqui
1112 2997 1151 3054 at
1181 2992 1448 3067 nequissimum
1468 2991 1504 3051 in
1524 3008 1640 3055 non-ae

470 3096 602 3172 epentu
626 3095 690 3154 tuo
715 3094 804 3155 iani:
833 3094 901 3168 quia
925 3111 1021 3154 more
1050 3097 1292 3170 pennatorum
1321 3094 1417 3154 mala
1447 3095 1483 3154 et
1511 3093 1605 3167 apud

469 3193 611 3256 inferne
637 3195 879 3270 paenitentia
904 3195 1027 3256 nulla:
1058 3197 1198 3258 habentne
1224 3197 1255 3256 in
1279 3195 1520 3269 contemplatione
1542 3212 1604 3256 ma·

470 3297 545 3358 xime
560 3296 636 3358 diem
650 3296 750 3358 iudinii
764 3299 794 3358 et
808 3297 1023 3359 retributionis:
1048 3300 1079 3358 et
1094 3299 1171 3372 quod
1185 3298 1222 3359 ab
1237 3298 1369 3358 omnibus
1384 3296 1468 3358 nobie
1483 3297 1601 3358 ereden-

537 3537 636 3594 'lLua
661 3537 801 3605 13‚1-n.
974 3537 1011 3593 22
1033 3537 1095 3592 Inna
1120 3537 1224 3603 11,10.
1397 3537 1433 3592 25
1450 3537 1495 3592 Pu.
1516 3537 1602 3602 noe

467 3621 503 3676 26
520 3621 564 3676 Pa
582 3623 626 3689 33,
643 3622 686 3676 22.

537 3844 553 3898 1
572 3859 634 3898 ruer
652 3857 706 3898 nm.
724 3858 742 3898 n
866 3843 884 3898 2
902 3843 1163 3914 nongratulaminin
1289 3843 1311 3900 4
1327 3828 1363 3897 do
1380 3841 1444 3896 Κο
1461 3841 1494 3896 in
1511 3854 1568 3894 run.

468 3926 486 3981 b
502 3927 648 3996 agentibus
666 3927 700 3982 Κ
799 3929 817 3983 6
836 3933 984 3999 aguoanant
1001 3928 1033 3984 K
1134 3929 1151 3983 'l
1169 3928 1241 3984 euim
1259 3943 1311 3982 om.
1329 3925 1363 3982 Κ
1462 3925 1495 3980 12
1512 3923 1603 3993 inquit

466 4012 636 4082 qniaooan
739 4013 919 4070 15ιι1111Κι
1024 4011 1360 4072 liniainnniKoat
1463 4009 1603 4080 ltpoaee·

465 4113 526 4153 mua
544 4097 578 4154 Κ
658 4099 696 4154 20
711 4101 740 4155 et
757 4100 922 4172 eenuritatie]
940 4101 1067 4156 demntia
1084 4100 1118 4155 Κ
1201 4098 1306 4154 somnio
1323 4097 1357 4152 Κ
1432 4095 1477 4164 ad]
1494 4097 1522 4150 ot
1539 4094 1572 4148 Κ

464 4183 499 4237 21
517 4184 647 4256 inuenire]
665 4199 728 4240 nere
745 4185 789 4252 Κς
807 4187 843 4254 of.
857 4203 926 4257 paq.
943 4190 985 4252 57,
1003 4191 1039 4244 10
1150 4184 1186 4240 23
1202 4183 1350 4239 munditiae
1368 4180 1502 4252 epiritalie
1520 4179 1569 4234 Κι

464 4269 500 4323 24
517 4283 535 4323 a
551 4271 665 4339 pentoria
682 4270 717 4326 Κ
845 4272 881 4328 25
897 4271 1019 4342 delinqui
1036 4271 1070 4328 Κ
1074 4275 1083 4304 ¹
1214 4269 1249 4325 at
1267 4265 1520 4338 nontemplntiouem
1538 4265 1572 4320 Κ
