4012 5066
444 379 487 443 56
923 371 1105 443 Appendix.

444 528 532 590 Petro
557 529 608 588 sad
623 531 653 589 ct
678 529 781 591 celeus
805 529 953 603 discipulis
975 530 1036 591 suis
1050 531 1298 591 maudatdicene:
1321 533 1450 589 euntes
1471 545 1581 590 euan-

445 629 608 704 gelinats
641 631 830 706 pentibus,
863 632 1104 706 baptizantes
1137 649 1196 693 eos
1218 633 1255 692 in
1282 633 1423 692 nomina
1457 631 1579 706 patris

445 731 584 814 attilii
604 735 641 792 et
662 719 821 807 spiritus
842 735 969 796 sancti.
992 737 1047 796 boc
1071 737 1126 808 est,
1152 737 1187 794 ut
1212 735 1329 796 trinitas
1353 735 1406 794 illa
1429 752 1502 810 quae
1525 735 1576 795 sub

445 833 507 894 Noe
529 849 581 908 per
607 834 766 896 columbam
791 836 952 911 figuraliter
978 840 1095 912 operata
1110 840 1157 898 est
1170 837 1242 898 haec
1256 854 1332 897 nunc
1347 837 1377 896 in
1391 835 1513 898 ecclesio
1526 849 1576 908 per

444 950 496 994 nos
511 933 682 1008 spiritaliter
696 937 837 1010 operetur.
1584 947 1596 987 ⁵

415 1035 437 1094 4
488 1035 639 1096 sumamus
668 1037 723 1096 iam
753 1055 829 1100 nnuc
854 1043 885 1100 ot
913 1040 1064 1100 mcundcm
1094 1057 1246 1115 personum
1275 1039 1422 1101 columbae
1448 1057 1481 1100 ex
1509 1053 1576 1096 arce

445 1137 565 1198 eminae
590 1138 693 1199 diluuii
718 1141 830 1201 scilicet
855 1143 990 1216 tempore,
1015 1145 1128 1217 qnando
1152 1159 1250 1202 omues
1264 1143 1362 1218 abyssi
1376 1141 1575 1215 proruperunt,

445 1238 557 1309 quaudo
572 1240 732 1300 cataractus
747 1240 820 1302 caeli
834 1242 995 1316 patefactae
1010 1247 1079 1304 suut
1090 1245 1306 1319 superterram,
1322 1245 1438 1318 propter
1447 1240 1575 1300 facinora

444 1338 593 1401 bominum
606 1358 680 1415 qnae
695 1343 798 1404 cotidie
809 1345 1010 1407 excrescebant
1021 1363 1115 1407 coram
1128 1345 1258 1418 Domino,
1273 1345 1350 1406 sicut
1360 1346 1472 1418 bloyses
1486 1340 1576 1401 dixit:

444 1443 481 1498 et
501 1440 599 1516 uidit
619 1442 795 1504 Dominus
816 1445 912 1506 Deus
933 1450 1161 1508 redundasse
1183 1447 1375 1522 nequitias
1397 1443 1613 1504 hominumue

445 1557 555 1617 super
586 1546 723 1604 terram
750 1550 786 1606 et
813 1549 906 1621 quod
933 1565 1052 1610 omues
1074 1549 1110 1609 iu
1133 1552 1263 1611 malum
1292 1547 1579 1608 recordarentur

364 1724 365 1727 Ἴ
445 1643 671 1718 aprincipio
694 1645 831 1706 dierum
854 1665 1012 1722 suorum,
1036 1653 1071 1709 at
1093 1651 1209 1710 dixit:
1232 1651 1379 1724 perdam
1401 1645 1579 1708 hominem

446 1759 546 1816 quem
574 1745 647 1805 feci
668 1765 686 1806 a
707 1746 805 1806 facie
832 1751 986 1828 terrae„
1008 1752 1050 1809 ab
1078 1752 1221 1812 bomine
1248 1766 1363 1824 usqua
1392 1751 1435 1808 ed
1455 1763 1576 1822 pecus,

446 1847 522 1905 eta
548 1847 753 1922 reptilibus
783 1867 894 1924 usque
923 1853 965 1910 ad
994 1852 1175 1913 dolatilia
1203 1851 1307 1912 caeli.
1342 1849 1484 1910 emittitur
1510 1863 1577 1921 ergo

445 1947 573 2022 tempore
588 1950 753 2026 cataclysmi
767 1952 899 2013 columba
914 1971 949 2013 ex
962 1969 1030 2012 erce
1050 1954 1133 2027 aquis
1154 1954 1296 2014 uiolenter
1309 1953 1371 2012 toto
1386 1952 1454 2012 orbe
1471 1951 1578 2008 terram
1588 1967 1613 2008 ra

446 2047 661 2110 infestantibus.

425 2147 445 2208 b
490 2149 548 2210 Illa
561 2169 628 2211 arce
641 2153 762 2228 liguram
778 2155 922 2228 ecclesiae,
946 2157 1020 2216 sicut
1041 2157 1172 2231 superius
1192 2157 1333 2228 diximus,
1348 2154 1492 2229 portabat,
1507 2165 1580 2224 qnae

449 2251 654 2314 ucrberabetnr
674 2255 743 2316 binc
767 2259 853 2332 atque
873 2257 940 2318 iude
960 2259 1043 2334 equis
1067 2258 1285 2333 insurgentibus
1305 2258 1428 2317 tentum,
1452 2252 1580 2333 cetadp·

453 2369 533 2413 emus
548 2371 615 2428 ergo
630 2356 682 2414 ille
697 2357 746 2430 qui
762 2358 816 2417 sub
836 2359 898 2419 Noe
920 2361 1013 2420 iactus
1029 2365 1075 2420 eet
1088 2361 1210 2435 ligoram
1225 2356 1431 2434 persecutionis
1444 2371 1516 2429 quae
1530 2370 1582 2428 per

452 2455 546 2514 totum
564 2457 662 2516 orbem
682 2475 759 2519 nuuc
777 2476 868 2533 nuper
884 2461 1061 2534 supereffusa
1081 2461 1216 2522 ostendit.
1240 2460 1439 2534 spumantem
1459 2453 1617 2530 dirupticao

453 2557 607 2618 calametis
622 2561 747 2634 undique
761 2562 996 2622 conuenientibus
1017 2568 1047 2622 et
1062 2562 1294 2623 excrescentibus
1315 2560 1497 2634 significabat
1511 2573 1582 2632 gen-

453 2659 498 2716 tes
525 2675 597 2732 qnae
623 2663 661 2719 ad
687 2664 855 2722 uastandam
880 2662 1029 2723 ecclesiam
1060 2665 1257 2722 exercuerunt.
1292 2661 1367 2723 sicut
1393 2657 1583 2735 Apocalypsis

450 2759 535 2819 dccet
559 2760 673 2821 dimus:
703 2780 816 2837 aquas
845 2779 934 2843 quas
961 2763 1095 2823 uidisti
1126 2763 1255 2837 populi
1282 2766 1369 2823 sunt
1389 2766 1426 2822 et
1452 2763 1583 2835 gentes

447 2863 483 2920 et
501 2878 624 2938 regna.
648 2863 779 2924 columbe
793 2867 888 2924 eutem
903 2863 956 2923 illa
966 2881 1038 2938 quae
1052 2864 1172 2938 pedibus
1189 2865 1249 2924 suis
1264 2864 1391 2938 requiem
1406 2864 1510 2922 babere
1525 2877 1581 2922 uon

449 2965 564 3038 poterat
583 2965 728 3038 lapsorum
743 2965 896 3039 imaginem
911 2965 1055 3039 portabat,
1071 2964 1121 3038 qui
1137 2966 1307 3026 inmemores
1322 2963 1482 3025 diuinarum
1497 2979 1579 3038 prcc-
1589 2983 1615 3025 sa

449 3065 623 3126 diccticnum
649 3066 696 3127 uel
723 3066 893 3140 simpliciter
920 3067 1086 3141 incuntes
1114 3066 1159 3128 uel
1189 3067 1335 3127 andeciter
1364 3065 1579 3126 dissimrdsntee

448 3168 626 3230 ceciderunt:
650 3185 770 3244 quorum
784 3169 895 3229 ruiuem
911 3169 1049 3230 Dominus
1064 3169 1095 3228 in
1109 3169 1259 3244 euangelio
1279 3168 1406 3228 futuram
1421 3167 1468 3226 bis
1484 3166 1579 3226 uerbis

447 3269 664 3344 significansrat
689 3269 803 3331 dicens:
832 3271 893 3345 qni
915 3271 1019 3331 audit
1046 3271 1159 3331 uerba
1180 3287 1257 3330 mec
1279 3272 1315 3330 ct
1336 3285 1404 3329 nou
1426 3267 1520 3329 iacit
1541 3284 1582 3328 ca

554 3485 569 3538 1
592 3483 691 3540 Matth.
715 3484 758 3549 28,
781 3486 822 3539 19.
927 3484 962 3539 10
983 3483 1047 3538 Gen.
1071 3484 1096 3547 e,
1121 3483 1200 3539 o-t.
1307 3483 1343 3536 23
1364 3483 1447 3551 Apoc.
1474 3481 1522 3545 l'l,·
1540 3482 1581 3536 lb.

449 3569 484 3623 28
502 3567 602 3622 Meton.
622 3569 706 3631 ’1,26.
724 3569 767 3622 27.

518 3737 665 3792 diuinitas
683 3738 720 3801 K,
738 3739 887 3794 tomitaso
1004 3737 1088 3792 bnon
1106 3737 1144 3799 K,
1163 3737 1212 3791 hos
1230 3755 1247 3792 c
1361 3739 1485 3807 operetur
1502 3735 1545 3790 K'

449 3822 467 3876 6
485 3837 561 3877 arcae
577 3823 676 3877 missae
694 3823 725 3877 K
800 3824 818 3878 8
835 3839 913 3893 super
929 3825 1028 3877 terram
1045 3831 1094 3877 om'r
1115 3823 1148 3877 Κ
1222 3823 1239 3876 9
1257 3821 1442 3876 excrescebant
1453 3820 1489 3885 K,
1508 3836 1582 3874 excr-

450 3906 580 3962 cebanto
675 3907 709 3963 10
726 3907 871 3963 redundare
888 3924 906 3963 o
1004 3907 1038 3961 14
1055 3907 1147 3977 reptili
1165 3923 1181 3961 e
1285 3907 1317 3962 rt
1335 3906 1465 3962 ediximus
1483 3906 1517 3961 Κ

451 3992 594 4062 libatque]
613 4009 660 4061 eq:
679 3992 712 4046 K
811 3993 847 4048 20
863 3992 947 4048 elissa
963 3992 997 4046 K
1085 4008 1168 4062 aquas
1186 3993 1229 4046 Κι
1315 3992 1452 4062 disruptas
1469 3991 1511 4046 ΚΙ

449 4075 484 4130 21
502 4075 758 4147 significabanturc
889 4077 925 4132 23
941 4076 1031 4132 dicens
1048 4077 1126 4133 dccet
1143 4077 1176 4132 Κ
1190 4077 1239 4134 esd
1256 4077 1345 4133 dicans
1364 4093 1399 4133 ccc
1415 4077 1511 4132 docens

450 4177 570 4232 quaec
654 4163 690 4218 24
706 4163 756 4218 illa
773 4179 823 4219 osa.
841 4181 859 4218 c
943 4162 1226 4233 repastinationem
1244 4162 1277 4217 Κ
1291 4163 1352 4227 Er„
1369 4161 1580 4232 preadictionum

450 4249 522 4302 coac.
542 4248 682 4305 Poetelius
829 4249 864 4304 26
881 4249 1005 4304 audacter
1021 4265 1038 4302 o
1182 4249 1217 4303 at
1235 4249 1357 4304 domium
1373 4248 1480 4303 ruinam
1496 4266 1514 4303 c
