4012 5066
773 414 820 469 Ab
843 415 1073 469 Nonntiennm
1096 431 1118 470 e.
1137 414 1249 469 12—13.
1533 415 1576 480 63

439 570 554 646 legisti:
589 573 677 648 quie
702 571 797 632 Deus
827 573 995 646 perdidit
1026 571 1234 633 memoriam
1268 570 1510 647 superborum
1540 571 1576 628 et

438 691 508 734 nou
540 673 727 749 relinquit
757 675 962 736 memorium
994 674 1213 734 humilium?
1249 690 1307 735 non
1338 673 1455 749 legisti:
1490 671 1577 746 quie

439 791 508 849 qne
545 775 687 837 iuditio
720 776 804 850 quis
838 777 1084 849 indicauerit,
1123 792 1202 836 eum
1232 775 1397 836 indicari
1423 789 1576 836 neeesse

438 881 516 938 est?
544 895 602 938 uun
630 877 748 953 legisti:
773 879 860 953 quie
884 879 947 955 qni
976 879 1056 940 odit
1080 877 1237 940 irntrem
1264 895 1382 951 suum,
1414 877 1451 936 in
1476 880 1576 938 tene·

416 981 517 1040 ebrie
546 983 605 1039 est
633 983 670 1040 et
697 980 736 1038 in
764 981 933 1042 tenebris
960 981 1127 1042 nmbulnt
1152 984 1192 1042 et
1217 998 1286 1042 nou
1311 980 1386 1042 eeit
1413 995 1479 1053 quo
1506 980 1576 1049 ent,

438 1081 524 1158 quie
552 1082 733 1142 tenebree
761 1084 1057 1144 exeeeeenernnt
1085 1083 1216 1144 oeulos
1245 1083 1352 1144 eiust
1382 1081 1459 1140 uude
1486 1079 1577 1153 igitur

439 1184 487 1262 [etl
510 1188 571 1245 tem
593 1185 767 1256 sceleratus,
798 1189 857 1246 tem
879 1185 1028 1260 perditus,
1060 1189 1120 1246 tem
1141 1185 1300 1247 diseerdiee
1327 1185 1423 1244 furore
1452 1197 1577 1242 uernum

438 1285 568 1345 extiterit
586 1284 644 1344 iste
658 1285 852 1359 Nonetinnue,
873 1286 1003 1346 inuenire
1024 1302 1082 1346 nen
1101 1303 1219 1360 pessum
1241 1285 1291 1360 qni
1313 1301 1426 1358 semper
1447 1283 1479 1342 in
1493 1284 1576 1340 deme

437 1405 495 1447 uun
522 1387 551 1446 id
579 1389 625 1448 est
652 1385 762 1447 christi
792 1386 913 1448 emlesin
934 1387 1126 1462 proximorum
1158 1386 1266 1448 delicte
1294 1387 1327 1446 nt
1348 1384 1465 1460 proprie
1487 1383 1576 1442 fleue-

321 1549 324 1556 Α
404 1504 430 1544 m
438 1490 492 1562 rit,
527 1505 614 1548 onere
641 1488 778 1561 nauum,
812 1490 888 1548 eleut
920 1489 1069 1563 apostolus
1098 1490 1247 1562 hortetur,
1269 1487 1458 1558 sustinuerit,
1484 1484 1576 1544 lubri-

437 1607 486 1650 eos
514 1591 544 1649 in
571 1589 627 1650 tide
660 1589 778 1651 seelesti
810 1590 989 1651 edleuntione
1022 1591 1258 1653 eermberenerit.
1291 1593 1323 1650 nt
1354 1606 1431 1649 nune
1463 1602 1577 1661 exque

438 1691 553 1752 Geinnm
576 1691 658 1751 illum
679 1691 831 1764 haeresim,
853 1709 925 1767 qnne
947 1709 1004 1751 nen
1027 1692 1084 1752 nisi
1106 1695 1220 1752 tentum
1240 1692 1368 1752 occidere
1388 1689 1480 1763 gestit
1494 1704 1576 1748 exer·
1682 1731 1685 1738 .

436 1809 501 1853 nere
533 1792 638 1867 eoepit,
672 1809 725 1852 nee
753 1793 809 1853 sibi
831 1793 986 1854 nouissime
1018 1793 1121 1868 percit.
1156 1796 1284 1854 ceterum
1306 1791 1333 1852 si
1355 1791 1486 1866 legisset,
1509 1787 1577 1864 quia

437 1894 597 1953 iustitie
624 1894 720 1954 insti
746 1911 816 1955 nen
838 1894 1026 1954 liberabit
1052 1913 1128 1956 enm
1150 1895 1190 1955 in
1211 1895 1271 1955 (lie
1292 1910 1362 1969 qne
1383 1890 1577 1952 errenerit

401 1999 475 2055 met
506 1995 694 2069 iniquitas
727 1995 832 2070 impii
865 2012 933 2056 nen
966 1997 1114 2056 nocebit
1146 2013 1223 2057 enm
1256 2005 1297 2056 ex
1320 2011 1391 2068 qun
1413 1993 1473 2056 die
1494 2010 1574 2054 eon·

438 2115 567 2158 uersus
589 2096 604 2155 f
610 2097 725 2170 uerit,
748 2097 806 2158 iem
828 2097 896 2157 olim
917 2098 947 2156 in
968 2099 1063 2159 cinere
1084 2097 1296 2172 peeniteretur,
1318 2097 1370 2157 ille
1391 2097 1441 2173 qui
1463 2111 1576 2170 semper

437 2198 651 2272 pernitentibns
673 2199 853 2271 nduersetur,
881 2200 982 2274 quiin
1005 2201 1088 2259 ruine
1118 2199 1234 2260 leeilins
1255 2199 1469 2261 sedilieeterum
1492 2201 1576 2257 eteu-

436 2299 511 2359 tinm
533 2303 668 2373 operetur
690 2316 776 2375 quem
798 2300 829 2360 iu
851 2300 1008 2361 structione
1030 2299 1184 2361 meeutium
1206 2301 1368 2373 reinerum,
1397 2300 1447 2375 qui
1470 2298 1577 2358 mnltes

438 2417 473 2458 ex
492 2400 634 2461 frutribus
649 2402 756 2462 nostris
770 2401 946 2462 miserrimos
961 2402 1045 2462 falsis
1060 2401 1122 2462 suis
1142 2403 1394 2462 ednersetionibus
1407 2401 1576 2476 perterritus

404 2500 548 2561 etiterum
573 2502 643 2562 feeit
668 2503 799 2562 ethninos
825 2502 942 2562 uiuendo
969 2504 1044 2576 quod
1069 2503 1248 2576 prememus
1267 2503 1415 2576 lepsornm
1434 2519 1578 2562 rennuee

438 2602 533 2675 possit
546 2602 589 2662 eis
604 2603 741 2677 profluere
756 2605 793 2663 ed
814 2604 946 2678 sulutem,
973 2605 1114 2665 emmente
1135 2605 1279 2677 seriptum
1301 2606 1331 2664 et
1352 2604 1481 2664 dicente:
1508 2618 1575 2663 me·

439 2704 560 2763 mento
595 2704 689 2764 unde
726 2704 910 2764 excideris
939 2707 975 2764 et
1009 2721 1075 2778 ege
1110 2705 1399 2778 paenitentiam:
1437 2705 1469 2763 si
1507 2721 1576 2778 qno

439 2804 574 2876 minus,
602 2807 745 2865 nenium
769 2805 857 2878 tibi,
891 2806 966 2866 nisi
990 2806 1260 2880 paenitentiam
1288 2805 1422 2880 egeris.
1453 2808 1484 2865 et
1513 2805 1576 2880 qui-

440 2903 505 2964 dem
526 2906 564 2964 nd
585 2908 697 2979 septem
717 2907 854 2967 ecelesiae
879 2908 1007 2968 seribens
1033 2905 1159 2982 singulis
1179 2924 1233 2966 ene
1253 2922 1382 2982 quaeque
1403 2905 1531 2966 leuinure
1546 2909 1577 2966 et
1600 2958 1603 2965 .

405 3006 549 3067 erteliete
569 3006 706 3082 ingerens
726 3009 912 3082 prenitemini
930 3007 1052 3070 dioebet.
1080 3007 1207 3083 quibus?
1222 3007 1281 3068 nisi
1295 3007 1357 3068 illie
1377 3007 1490 3068 seilieet
1503 3023 1576 3081 qnos

438 3107 533 3181 pretio
547 3125 651 3184 magno
665 3108 712 3169 sni
727 3109 876 3184 sauguinis
892 3111 1061 3170 redemerat.

510 3416 588 3471 1Ps.
607 3415 632 3479 9,
651 3415 675 3470 l.
695 3416 737 3469 11.
806 3415 939 3470 tblntth.
958 3417 984 3480 7,
1001 3415 1028 3470 1.
1096 3415 1242 3480 411s2.
1261 3417 1303 3470 11.
1373 3416 1464 3471 14111.
1477 3415 1574 3480 eene.

438 3501 473 3557 21
492 3504 574 3574 Aper,
592 3499 619 3568 i,
635 3501 661 3556 5.

510 3771 666 3842 iperdite
813 3772 1022 3828 inoumnK
1173 3771 1545 3843 BqnoeormeqnemK

439 3855 529 3912 iudiee
546 3858 608 3925 qni.
626 3856 686 3911 Ke
703 3872 775 3912 erae.
844 3856 968 3927 inniberi]
986 3857 1153 3913 iudienbitnr
1170 3859 1204 3913 K
1270 3858 1384 3928 bprieee
1395 3859 1424 3912 et
1442 3873 1493 3912 osu
1512 3856 1546 3911 K

439 3941 456 3994 7
473 3941 619 3997 meteretur
636 3944 665 3996 et
682 3958 700 3998 u
836 3941 990 4012 perditurus
1008 3942 1042 3997 Κ
1055 3943 1104 3998 seri
1121 3959 1193 4000 eerr.
1327 3941 1362 3998 10
1378 3942 1483 3997 honore
1499 3941 1533 3996 Κ
1534 3944 1542 3971 “

440 4026 473 4081 11
491 4025 678 4083 eerrebernnit
695 4027 729 4082 K
840 4028 875 4082 12
892 4029 1009 4098 minem]
1026 4027 1147 4083 certunm
1164 4028 1208 4093 K,
1226 4031 1351 4084 eeninem
1367 4045 1397 4094 e;
1421 4027 1578 4084 manusb

439 4113 577 4168 mm
686 4112 1200 4182 remumev;ct.rpp.er,re
1308 4098 1546 4168 renonem

439 4197 619 4268 poeniteretu
732 4197 764 4251 17
783 4197 899 4268 munus]
918 4197 1023 4252 felicius
1040 4198 1106 4265 fert.
1217 4197 1253 4252 20
1269 4197 1372 4254 etnieos
1384 4197 1418 4253 Κ
1529 4213 1577 4268 ep-

439 4298 530 4336 eernm
541 4283 608 4338 site
710 4281 887 4352 23egeritK
892 4285 897 4314 ¹
1005 4283 1041 4338 24
1059 4298 1163 4353 queque
1180 4301 1197 4338 u
1267 4301 1269 4304 ·
1299 4283 1335 4338 26
1352 4281 1496 4338 redimeret
1513 4283 1547 4338 K
