4016 5054
425 392 489 458 220
896 391 1081 462 Appendin

423 551 519 611 esdot.
535 550 585 625 qui
599 550 697 610 hostes
712 551 824 625 elingit,
839 551 876 611 ed
889 554 1004 626 tompus
1015 567 1067 625 pro
1082 550 1257 612 smutembns
1267 552 1360 612 oensis
1372 552 1508 624 prooedst
1519 551 1555 610 sd

424 651 527 712 faeiem
547 655 578 712 et
602 652 707 712 iterum
732 654 790 714 oite
816 653 963 713 discedere
986 653 1021 712 de
1048 655 1202 726 oonspootn
1226 652 1352 714 festinet.
1376 652 1482 727 ubique
1497 669 1551 726 gu·

424 755 529 814 stendo
551 758 596 814 est
618 773 681 816 oum
702 755 885 828 mulieribus,
908 771 967 814 non
987 755 1180 814 eontinosnde
1199 753 1378 829 proesentis,
1399 755 1450 814 sed
1472 755 1556 828 qussi

425 857 611 916 transeunter
637 857 753 916 leminis
778 857 939 916 exhibendo
964 859 1011 916 est
1038 858 1163 917 moesuo
1189 858 1394 933 quodammodo
1421 854 1555 930 rugium

425 959 624 1032 proteruitutis
649 958 724 1018 onim
745 958 803 1018 ium
824 962 925 1034 eoepte
945 962 1012 1018 sunt
1026 959 1235 1033 repraesentem
1250 976 1363 1034 semper
1377 960 1408 1018 io
1422 960 1580 1032 medinm,s

426 1062 457 1118 et
475 1059 648 1132 perditionis
667 1060 818 1120 meditatio
839 1063 885 1120 est
905 1060 1149 1134 frequentatinum
1171 1061 1395 1121 intermulieres
1410 1061 1556 1120 celebrere

426 1178 599 1235 processum.
623 1163 657 1222 de
672 1179 730 1236 qun
745 1177 776 1222 re
791 1161 874 1222 nobis
890 1162 1023 1222 Selenen
1037 1162 1215 1222 moderamen
1236 1163 1362 1236 inposuit
1382 1163 1499 1222 dioeum
1524 1163 1557 1222 io

428 1263 545 1324 modio
567 1263 758 1324 mulierum
779 1264 858 1324 noli
879 1264 1059 1324 assiduus
1087 1279 1176 1324 esse.
1214 1263 1256 1324 sio
1283 1263 1374 1338 im'tur
1403 1263 1558 1336 smbnlote,

429 1366 472 1425 sio
488 1365 577 1438 ogite,
603 1369 636 1424 ut
657 1381 769 1438 semper
783 1366 814 1424 in
835 1364 950 1425 oleriois
977 1363 1114 1424 eoelesiee
1138 1366 1255 1424 senatus
1275 1365 1414 1425 eondidus
1436 1367 1559 1426 oeristet.

428 1469 569 1528 soooritoe
584 1467 615 1526 in
631 1466 714 1528 uobis
728 1467 805 1528 eires
819 1467 943 1527 feminus
958 1467 1066 1541 uigent,
1082 1466 1240 1527 auotoritas
1251 1467 1367 1542 polluet,
1383 1468 1595 1543 uigorem-10

431 1572 507 1640 etur,
524 1571 654 1642 grauitas
670 1572 830 1628 nonoretur.

376 1662 420 1721 46
473 1669 512 1728 Vt
535 1670 621 1730 semel
648 1669 743 1729 omnio
762 1668 933 1742 colligemus
959 1670 997 1728 od
1018 1670 1187 1742 oleusnlem,
1213 1670 1388 1731 breuiarium
1406 1669 1561 1744 relegimus

431 1771 514 1830 uobis
530 1773 605 1846 quod
621 1773 656 1832 ed
671 1771 893 1843 compendiosum
908 1771 1116 1844 plenitudinem
1136 1771 1268 1846 redigens
1291 1773 1437 1847 spostolus
1452 1771 1561 1832 Paulos

430 1875 572 1934 insinuet:
609 1875 650 1934 de
677 1879 817 1945 cetero,
853 1873 963 1948 inquit,
1000 1873 1157 1946 fratros,
1194 1889 1439 1949 quoecumque
1475 1875 1562 1932 sunt

430 1993 524 2048 uero,
548 1991 793 2051 quoeonmque
814 1974 957 2049 podien,
973 1991 1216 2051 quoecumque
1239 1976 1351 2047 iuste,
1374 1991 1597 2048 quaecum-re

430 2095 498 2150 que
520 2078 664 2148 saneto,
697 2091 947 2149 quoecumque
970 2075 1160 2149 amabilis,
1183 2092 1430 2150 quoecumque
1451 2074 1564 2135 bonne

431 2179 565 2250 tumeo,
593 2178 625 2237 si
652 2194 721 2252 qus
743 2177 884 2247 uirtus,
922 2175 954 2236 ei
982 2193 1053 2249 que
1079 2177 1162 2237 loos
1191 2177 1435 2252 disciplinae,
1472 2178 1564 2236 hoeo

432 2279 593 2352 eogitote
624 2295 711 2352 quoe
740 2276 947 2350 accepistis
975 2279 1010 2335 et
1037 2277 1234 2338 didioistis
1262 2280 1297 2338 ot
1329 2278 1497 2338 sedistis
1529 2280 1565 2336 et

432 2380 589 2441 uidistis
611 2379 646 2438 in
669 2397 730 2438 me.
753 2380 845 2439 hooc
866 2378 967 2451 agite
990 2377 1135 2438 otDeus
1158 2379 1260 2452 pnois
1282 2382 1320 2438 et
1342 2378 1564 2439 dilectionis

434 2481 508 2542 erit
531 2483 727 2542 nobiseum.
750 2496 842 2540 omen.
1574 2503 1600 2544 ω

599 3127 730 3226 XIIII.
768 3127 840 3225 old
873 3125 1094 3244 DVPLIOI
1124 3121 1403 3222 MARTYRIO

795 3313 857 3396 ΑΙ)
891 3310 1212 3396 leoninorum.

409 3701 426 3756 l
478 3670 675 3752 Multiioriom
689 3691 846 3763 multisque
866 3687 959 3749 modis
980 3703 1033 3762 ego
1055 3688 1176 3761 gratius,
1201 3687 1354 3745 Fortunate
1370 3685 1441 3744 mihi
1464 3684 1494 3744 in
1510 3685 1569 3744 Do·

438 3795 513 3854 mino
530 3795 686 3866 uerissime,
713 3793 826 3853 diuinae
842 3791 1026 3866 benignitati,
1051 3789 1126 3864 quod
1141 3791 1171 3850 et
1186 3792 1265 3848 tuum
1279 3789 1416 3864 pietatem
1432 3787 1570 3847 exoiteuit

406 4000 409 4006 '
508 3994 523 4048 7
542 3994 591 4047 Sir.
609 3993 652 4055 42,
672 3993 713 4047 12.
827 3992 861 4046 14
878 3989 950 4043 Phil
969 3990 996 4052 4,
1013 3991 1038 4044 8.
1056 3991 1081 4044 9.

508 4179 816 4248 tirequententiumt'
885 4180 917 4234 13
929 4178 1026 4249 poulus
1040 4177 1207 4248 spostoluso
1277 4175 1311 4229 14
1327 4175 1420 4244 iuquit
1436 4189 1523 4228 orno.
1539 4203 1569 4214 -

439 4265 557 4334 Explicit
573 4265 652 4334 (liber
669 4265 733 4320 odd.
751 4281 786 4318 m.
804 4267 836 4332 2)
854 4264 887 4318 de
904 4263 1096 4334 singularitute
1113 4263 1267 4316 olorinorum
1289 4261 1317 4316 0.
1337 4289 1370 4301 -
