4016 5054
406 341 467 410 174
879 339 1065 414 Appendin

404 500 518 560 audisse
532 501 713 563 mendacium
738 503 952 576 praesumentes
981 519 1080 564 nouem
1094 498 1217 576 apostoli
1231 499 1316 558 Pauli
1334 495 1536 572 protestantis,

405 619 472 663 non
494 604 587 663 enirn
609 623 742 678 sumus,
764 605 868 680 inquit,
890 605 989 666 sieut
1004 603 1154 680 plurimi
1170 602 1437 664 adulterantes
1456 616 1537 660 uer·

403 703 484 764 bum
505 705 586 778 Dei,
620 706 681 767 sed
710 722 751 766 ex
777 707 1000 768 sineeritate
1027 707 1127 767 siout
1153 723 1195 766 ex
1215 706 1286 765 Deo
1316 719 1433 764 eoram
1455 702 1536 775 ipso

404 805 441 864 in
465 807 613 869 Christo
634 809 828 885 loquimur.
850 811 881 870 iu
896 809 992 871 doloro
1007 810 1104 884 imque
1117 809 1238 869 maximo
1252 805 1403 869 oonstitnti
1417 805 1453 863 de
1468 800 1534 878 qui·

405 908 528 969 busdam
542 911 697 972 taboiaotia
712 913 847 972 membris
861 913 988 986 eorporis
1002 912 1094 973 nostri
1119 913 1149 971 ot
1169 911 1200 970 in
1214 911 1323 985 gemitu
1337 908 1477 968 iaeturam
1489 903 1558 962 lia-a

405 1011 562 1072 mentantis
576 1013 731 1086 aeclesiae,
760 1032 834 1090 quae
853 1032 905 1089 per
919 1013 1073 1089 segnitiem
1094 1015 1222 1074 nostram
1242 1009 1383 1085 redigitur
1407 1023 1459 1084 por
1475 1005 1537 1066 dios

405 1111 537 1186 amgurloa
554 1113 592 1172 ad
606 1115 723 1174 muniam
738 1115 930 1190 paucitatem,
959 1115 1101 1174 eredimus
1115 1131 1167 1174 noe
1182 1131 1216 1173 ex
1230 1115 1312 1188 parte
1327 1111 1424 1185 aliqua
1438 1108 1536 1169 suble·

404 1213 483 1286 nari,
506 1217 582 1288 quod
612 1215 780 1291 diligentiae
806 1221 921 1278 nostrae
945 1216 1128 1292 neglegentia
1157 1215 1332 1289 quorundam
1353 1214 1452 1274 obesse
1479 1225 1537 1269 non

404 1315 511 1390 possit,
534 1317 638 1390 quibua
659 1335 812 1395 numquam
826 1323 942 1380 nostrae
957 1319 1070 1379 litterae
1084 1318 1248 1390 defuerunt,
1271 1332 1343 1392 quae
1365 1331 1417 1390 per
1430 1313 1534 1374 absen-

403 1416 474 1476 tiam
498 1435 591 1479 meam
617 1420 808 1494 frequentiam
829 1422 961 1481 omnibus
975 1424 1176 1495 pensauernnt.
1203 1416 1439 1479 dissimulationis
1465 1431 1570 1475 euaaro

401 1521 595 1594 unnsquisque
611 1523 789 1597 contemptor
802 1537 883 1582 reum
898 1524 988 1582 semet
1001 1523 1064 1596 ipee
1079 1522 1251 1594 oonsoribat,
1266 1537 1318 1580 nos
1333 1521 1428 1578 autem
1442 1517 1535 1576 libera

402 1617 496 1680 fronte
505 1625 748 1697 contemptoribus
756 1625 947 1684 exclamamus
957 1627 1032 1698 qnod
1041 1625 1172 1684 Salomon
1182 1623 1355 1684 oonfidanter
1365 1619 1534 1693 exprobrata

404 1723 572 1794 quoniam
593 1725 739 1800 quidem
760 1727 948 1800 nooabam,
971 1727 1082 1800 inquit,
1105 1743 1173 1786 non
1195 1720 1475 1785 obaudiebatie:
1499 1724 1535 1779 et

402 1827 642 1886 extendebam
664 1828 775 1888 narba
801 1845 892 1900 mea,
928 1831 966 1886 et
988 1846 1057 1889 non
1089 1826 1359 1898 intendebatis,
1392 1825 1456 1883 sed
1485 1825 1532 1882 ir-

401 1923 477 1984 rita
498 1925 704 1987 faciebatis
725 1945 802 1988 mea
821 1929 996 2002 oonsilio,
1019 1929 1108 1990 meis
1129 1929 1248 1987 autom
1269 1923 1567 2001 inorepationi·1s

401 2026 467 2086 bns
488 2045 558 2087 non
581 2029 854 2091 intendebatis:
878 2033 1003 2106 itaque
1026 2034 1061 2091 ot
1081 2048 1146 2105 ego
1168 2026 1533 2103 uestraoporditioni

401 2128 657 2201 superridebo.
692 2130 912 2205 gratulabor
940 2150 1026 2207 ergo
1054 2132 1246 2192 aduersum
1273 2148 1353 2204 uos,
1375 2146 1451 2191 oum
1472 2129 1532 2187 ad·

401 2232 548 2289 uenerit
569 2233 675 2291 nobie
696 2233 896 2307 interitus,
929 2251 1007 2294 oum
1040 2235 1235 2294 aduenerit
1267 2232 1372 2293 uobis
1406 2230 1532 2290 subito

400 2331 598 2404 tumultus,
621 2335 770 2395 enorsio
791 2337 910 2396 autom
932 2334 1070 2395 similis
1092 2335 1295 2409 proeellas,
1317 2338 1354 2393 et
1375 2351 1451 2393 oum
1472 2333 1531 2392 ad·

399 2432 548 2491 uenerit
570 2435 675 2494 uobis
697 2453 872 2509 pressura
893 2440 929 2497 et
955 2437 1188 2511 expugnatio.
1223 2437 1297 2496 erit
1328 2436 1422 2495 enim
1455 2449 1567 2497 oumao

399 2549 451 2592 me
483 2533 773 2610 inuocaueritis‚
796 2555 861 2612 ego
883 2541 1002 2599 autom
1024 2557 1092 2599 non
1113 2540 1301 2599 exaudiam
1322 2556 1396 2598 uos.
1423 2553 1530 2612 quae-

400 2637 483 2692 rent
504 2651 555 2694 mo
578 2637 683 2710 mali,
705 2641 741 2698 et
762 2657 831 2701 non
854 2641 1064 2701 inueniant:
1088 2642 1242 2700 oderunt
1269 2641 1362 2699 enim
1384 2639 1529 2713 sapien·

397 2734 499 2794 tiam.
516 2739 953 2802 uerbumautemDomini
969 2760 1036 2802 non
1051 2743 1333 2817 adsumpserunt
1346 2759 1462 2816 nequo
1476 2758 1529 2802 uo-

396 2833 1057 2904 lueruntmeisoonsiliisintendore.
1080 2847 1301 2918 eprouerunt
1323 2845 1416 2903 onim
1431 2859 1528 2902 meas

397 2942 672 3013 correptiones:
706 2946 861 3020 ideoque
884 2947 1097 3005 edentulae
1123 2963 1209 3008 suae
1231 2947 1377 3006 fruetus
1405 2947 1442 3006 et
1463 2961 1562 3005 suase

397 3039 590 3114 impietate
613 3046 862 3106 satiabuntur.
1241 3051 1244 3057 '

366 3141 387 3206 2
437 3143 484 3202 Ad
506 3163 558 3206 nos
572 3164 647 3208 nuno
662 3149 822 3210 exhortatio
845 3152 944 3210 nostra
964 3150 1139 3210 conuertitur
1159 3167 1231 3224 quoe
1251 3151 1383 3211 nolumus
1403 3149 1527 3225 experiri

395 3244 468 3303 talin
480 3247 651 3322 praecipitia
664 3250 819 3310 ruinarum.
849 3252 968 3311 metuito
983 3254 1120 3326 quantum
1135 3253 1257 3326 potestis
1278 3253 1417 3312 eiusmodi
1442 3269 1526 3312 casus

396 3345 485 3406 exitia
499 3351 528 3408 ot
543 3349 573 3407 iu
594 3349 653 3409 ista
672 3353 857 3413 subnersione
872 3353 1028 3412 labentium
1050 3371 1101 3414 uos
1122 3354 1316 3427 experimenta
1336 3357 1524 3427 perterreant.

394 3449 512 3508 nimium
526 3467 662 3526 praecepa
677 3456 787 3528 estqui
803 3456 925 3514 uansiro
941 3455 1102 3526 contendit,
1119 3455 1168 3514 ubi
1182 3455 1359 3528 eonepererit
1374 3456 1461 3515 alium
1476 3473 1523 3517 oe·
1533 3475 1561 3515 ao

460 3699 510 3754 21
528 3700 588 3757 Cor.
605 3702 631 3768 4.
649 3704 674 3757 2.
779 3703 813 3759 13
830 3703 909 3761 Pron
929 3705 954 3771 1,
972 3704 1084 3760 24-31.

460 3959 476 4011 1
494 3971 558 4012 nooe
581 3959 606 4014 0
749 3961 980 4031 bpntrol'aotiso
1128 3963 1163 4017 10
1179 3978 1266 4018 meam
1287 3963 1317 4029 0,
1334 3969 1490 4020 nostramo

393 4041 427 4094 11
444 4043 477 4094 nt
494 4043 679 4113 unnsquisque
696 4062 714 4100 o
870 4049 1043 4117 semetipsum
1060 4065 1078 4103 o
1227 4049 1260 4103 12
1278 4051 1454 4106 exclamemus
1472 4069 1489 4107 o

393 4127 426 4180 17
443 4129 471 4182 et
488 4143 584 4185 enuno
711 4132 745 4186 19
763 4131 860 4186 similis
880 4133 910 4199 0,
929 4133 1011 4188 simul
1029 4135 1057 4188 et
1073 4150 1091 4188 o
1221 4135 1256 4190 26
1273 4137 1448 4193 satiabuntur
1466 4138 1491 4194 0
1520 4194 1524 4204 ,

390 4211 425 4264 27
443 4213 502 4267 exh.
521 4217 615 4270 nostra
635 4217 665 4282 0,
684 4217 855 4274 menerba
957 4219 993 4274 30
1009 4219 1095 4274 aliurn
1113 4221 1312 4290 eonspexerito
