4000 5066
777 425 821 480 De
839 424 971 480 Pneche
988 430 1169 506 computus
1187 441 1209 481 c
1226 427 1304 481 5-7.
1542 426 1607 494 253

473 584 526 643 bus
541 583 685 660 CCCLXV
700 586 730 645 et
751 590 860 660 quarto
880 581 942 642 ds'ei
964 599 1070 642 snnum
1096 599 1310 644 consummasse
1332 583 1495 656 inueniunt,
1519 585 1549 642 et
1563 581 1606 642 sic

469 685 594 762 primum
609 687 686 749 diem
701 687 769 748 noui
791 684 899 748 mensis
923 686 1037 746 uenturi
1052 686 1078 745 V
1094 685 1135 747 lul.
1152 687 1247 762 April.
1271 688 1442 749 ostendunt.
1461 703 1495 747 ec
1517 702 1602 762 prop·

468 793 547 850 terea
562 793 686 866 quatuor
701 792 878 865 quadrantes
893 789 1072 866 qunnnsnnii
1088 791 1119 849 iu
1135 808 1222 850 nuum
1240 791 1315 851 dtem
1327 791 1492 865 redigentes
1502 791 1603 865 quinto

468 908 579 968 quoque
599 909 673 951 nnnc
697 909 755 952 non
779 893 860 952 Virl.
876 867 964 967 Aps,
986 893 1036 953 sed
1051 893 1077 952 V
1092 892 1133 953 kl.
1150 871 1236 953 Mart.
1263 893 1430 967 inmidtuut,
1453 909 1489 953 ne
1512 893 1603 966 primo

444 995 523 1054 eddei
550 994 659 1054 mensis
684 995 750 1054 noni
780 996 978 1069 superueuturi
1005 996 1150 1070 integrum
1177 997 1251 1055 diem
1277 995 1448 1067 Immittent,
1472 999 1502 1055 st
1526 995 1604 1056 hunc

466 1100 559 1158 totum
572 1095 702 1158 ordinem
718 1113 803 1171 quem
817 1097 944 1159 Hebrsei
965 1097 1075 1172 priores
1089 1099 1120 1158 et
1135 1099 1202 1158 snte
1218 1098 1312 1171 ipsum
1325 1097 1446 1158 Remum
1460 1097 1603 1157 conditam

467 1203 548 1261 certe
574 1201 685 1260 ratione
700 1201 826 1261 assecuti
852 1204 920 1261 snut
944 1200 1122 1261 subuertsnt.
1146 1218 1239 1261 annus
1255 1199 1347 1276 igitur
1360 1200 1556 1260 Hebraeorum
1571 1200 1602 1259 in

464 1301 521 1360 ΧΠ
536 1319 651 1363 menses
672 1297 786 1363 diuisus
801 1303 873 1363 fecit
898 1319 1024 1362 mensem
1039 1301 1132 1361 xxlx
1148 1303 1183 1362 S:
1209 1301 1345 1362 similiter
1359 1304 1389 1361 et
1409 1302 1602 1362 Bomeuorum

464 1403 494 1463 in
509 1405 659 1464 duodecim
674 1421 787 1479 qnoque
801 1405 927 1480 perdtus
949 1404 1020 1464 fecit
1040 1421 1167 1465 mensem
1182 1405 1260 1464 xxx
1275 1405 1303 1465 S.
1327 1421 1397 1479 ergo
1418 1406 1495 1464 inter
1508 1403 1601 1462 XXIII

428 1506 483 1566 noS
498 1511 528 1566 et
541 1507 655 1566 XXXS
682 1505 806 1568 interest
830 1523 903 1583 quse
929 1506 1134 1582 intelliguntur
1158 1525 1223 1568 esse
1245 1507 1333 1568 horne
1358 1506 1401 1564 xl
1424 1507 1453 1566 et
1468 1510 1601 1581 questum

462 1609 560 1669 hores.
583 1609 613 1669 in
629 1610 734 1684 quibus
748 1610 790 1668 III
805 1609 884 1670 herde
898 1614 928 1671 et
942 1613 1044 1683 quarto
1060 1611 1150 1670 hores
1164 1611 1244 1684 prior
1258 1609 1421 1670 smbnlsuit
1432 1609 1477 1668 sel
1488 1608 1601 1682 quondo

462 1711 556 1771 fectus
577 1714 623 1771 est
644 1712 760 1776 initium
781 1713 848 1773 disi.
871 1711 914 1772 sic
928 1716 1024 1772 sutem
1040 1717 1070 1772 et
1084 1713 1155 1772 lunc
1175 1713 1291 1772 initium
1313 1713 1407 1772 noctis
1421 1710 1486 1770 fieri
1500 1727 1599 1783 repro·

462 1813 562 1886 misse,
579 1830 636 1874 non
651 1815 780 1888 oportuit
794 1832 856 1874 scm
871 1817 937 1890 post
952 1832 1082 1875 occasum
1100 1815 1170 1874 solis
1185 1814 1249 1874 deri
1264 1817 1295 1874 et
1304 1812 1348 1872 sic
1360 1812 1391 1872 iu
1402 1813 1483 1892 cselo
1494 1811 1597 1889 uideri,

463 1916 597 1992 quonium
618 1917 741 1978 debebnt
754 1935 772 1978 s
786 1918 878 1992 primo
893 1917 940 1978 die
958 1917 1052 1978 uideri
1067 1920 1098 1977 et
1119 1916 1266 1994 prosequi,
1289 1933 1354 1978 cum
1380 1934 1437 1991 quo
1461 1917 1521 1975 tem
1536 1931 1599 1974 ms·

426 2031 451 2070 1³
461 2034 550 2092 gnum
566 2019 693 2079 officium
709 2019 805 2079 fueret
820 2021 933 2094 adepte
951 2021 1003 2080 hoo
1018 2023 1064 2080 est
1079 2020 1170 2094 igitur
1185 2019 1261 2095 quod
1272 2037 1324 2094 per
1339 2019 1470 2094 singulos
1485 2033 1598 2078 menses

461 2124 599 2195 repsrste
625 2121 728 2194 quinutu
755 2121 867 2182 decime
893 2121 959 2180 Inna
986 2123 1151 2196 proceditur
1171 2138 1189 2181 e
1209 2122 1280 2182 sole.
1304 2123 1334 2182 et
1348 2121 1413 2181 ideo
1427 2135 1480 2193 psr
1493 2136 1598 2178 snnnm

461 2225 528 2296 plus
557 2223 705 2282 ambulare
733 2224 880 2285 iuuenitnr
905 2225 948 2284 sol
963 2223 1004 2282 XI
1020 2224 1082 2283 dies
1097 2228 1128 2284 st
1141 2227 1276 2299 quartem
1291 2227 1403 2298 pentem
1419 2223 1487 2283 diei.
1513 2222 1600 2281 etsie

460 2325 542 2398 lune,
557 2342 631 2399 quse
646 2327 752 2401 quarte
765 2324 839 2386 feris
850 2325 877 2384 V
887 2325 928 2386 Id.
944 2327 1014 2400 dpr.
1031 2325 1133 2401 quintu
1147 2325 1258 2387 decime
1272 2325 1368 2385 meret
1377 2324 1466 2397 fecte,
1481 2325 1599 2384 inuento

463 2430 509 2488 cst
525 2427 658 2504 suppleto
673 2429 766 2500 primo
781 2445 855 2489 suno
870 2427 963 2486 XXVI
978 2445 1026 2502 qu.
1042 2427 1120 2488 Vkl.
1132 2429 1224 2502 Apu:
1240 2428 1308 2487 item
1325 2428 1448 2488 secundo
1459 2443 1533 2486 enno
1547 2427 1600 2485 ed-

426 2543 453 2584 no
463 2529 547 2590 Iectis
562 2529 604 2588 XI
619 2530 723 2590 diebus
750 2532 781 2589 et
795 2547 843 2604 qu.
870 2529 990 2590 iuuenis
1016 2532 1061 2590 est
1075 2529 1133 2591 VII
1148 2530 1176 2589 S.
1198 2529 1225 2588 V
1240 2529 1282 2590 kl.
1298 2529 1387 2605 Aps:
1410 2529 1497 2589 tertIo
1523 2545 1597 2588 snno

458 2629 557 2690 XVIII
572 2630 636 2691 dod.
653 2631 678 2690 V
693 2632 734 2690 Id.
751 2631 862 2706 Aprii:
885 2634 986 2706 quarto
1001 2649 1076 2692 suno
1090 2631 1169 2690 xxx
1184 2632 1210 2691 V
1224 2631 1265 2692 Id.
1281 2632 1372 2705 Apu:
1394 2631 1496 2708 quinto
1521 2648 1596 2691 nnnc

459 2733 501 2791 III
516 2750 579 2806 qm:
603 2735 685 2793 sexto
712 2751 786 2795 enno
802 2733 886 2793 XIIII
900 2735 944 2794 S.:
968 2735 1089 2808 sepIImo
1116 2751 1191 2794 enno
1207 2733 1255 2792 III
1269 2735 1353 2795 dod:
1376 2737 1478 2795 octeno
1498 2736 1595 2793 nutem

458 2851 531 2894 enno
547 2835 665 2895 inuento
680 2840 725 2896 est
739 2835 792 2895 XV
813 2830 1008 2910 vksljspr„
1025 2837 1120 2910 qualis
1134 2837 1166 2896 in
1181 2837 1323 2912 principIo
1338 2837 1434 2897 fueret
1448 2835 1533 2896 fecte
1603 2885 1608 2906 ,

500 2937 564 2998 Hec
589 2937 689 3012 iteque
714 2938 827 2999 ratione
851 2955 908 2998 non
933 2956 985 2998 sue
1011 2939 1062 2998 sed
1083 2938 1137 2998 Dei
1158 2939 1304 3014 sapientie
1318 2939 1453 2998 Instructi
1467 2935 1623 2997 Hebraei?

422 3037 534 3099 meires
561 3055 676 3098 cursum
701 3039 789 3100 lunee
815 3039 896 3100 iuxte
920 3041 1049 3116 regulam
1074 3041 1197 3115 prImem
1227 3041 1399 3120 Graecorum
1430 3055 1507 3100 more
1536 3041 1594 3097 Ae·

525 3222 541 3273 1
560 3223 659 3290 quarte
676 3220 732 3276 diei
751 3222 817 3278 odd.
839 3222 879 3278 W
949 3222 1031 3278 esso
1049 3223 1177 3293 quintum
1195 3224 1233 3278 IL
1252 3225 1334 3278 murt
1352 3223 1560 3278 inmittuutnrb

455 3305 538 3374 primi
556 3306 572 3360 o
744 3307 799 3362 88
819 3307 946 3376 (semissis
965 3313 1071 3376 notem)
1090 3309 1135 3366 tic
1153 3315 1178 3364 ct
1196 3310 1265 3365 docte
1277 3309 1418 3378 proximis
1435 3307 1500 3361 add.
1522 3307 1561 3362 W

455 3389 472 3442 9
492 3390 632 3446 duodecim
650 3409 756 3462 quoqne
773 3395 817 3459 W,
834 3393 891 3448 XII
908 3394 998 3449 dentes
1016 3395 1118 3463 quest
1222 3409 1328 3448 menses
1346 3395 1362 3450 b
1466 3394 1501 3449 10
1517 3391 1593 3446 XXX

459 3475 505 3544 W,
523 3475 614 3530 XXXI
631 3479 648 3533 d
762 3483 860 3548 querca
879 3479 918 3535 W
1030 3482 1061 3534 11
1081 3483 1208 3549 quartum
1226 3479 1243 3534 b
1368 3479 1404 3534 14
1421 3478 1510 3549 prims
1526 3477 1560 3533 tn

454 3562 571 3630 quumb
699 3565 733 3619 15
751 3563 847 3634 igitur]
866 3564 991 3634 itsquec
1120 3566 1155 3620 16
1172 3565 1338 3636 proceditur]
1355 3564 1527 3634 praecidetur
1543 3581 1559 3621 e

454 3647 488 3700 18
505 3647 534 3700 In
554 3649 652 3714 quarte
670 3663 685 3703 c
840 3649 865 3703 V
881 3649 921 3704 kl.
941 3664 998 3718 epr.
1017 3647 1068 3702 xv
1086 3649 1190 3704 decime
1207 3651 1233 3716 b,
1251 3650 1283 3704 in
1300 3651 1504 3720 quinoetium
1522 3647 1592 3702 VIII

453 3731 507 3786 kal.
526 3748 584 3802 epr.
604 3731 654 3786 XV
673 3749 688 3788 c
800 3733 835 3788 19
853 3751 896 3804 qu.
916 3741 960 3804 (=
973 3734 1133 3806 quadrante)
1152 3735 1217 3791 acc.
1241 3735 1285 3802 W,
1304 3750 1356 3791 om.
1374 3736 1406 3791 dc
1423 3736 1467 3792 uo
1485 3741 1511 3790 ct
1526 3750 1591 3802 pre-

452 3819 537 3873 xims's
553 3817 621 3872 locis
725 3817 748 3871 V
766 3819 791 3885 b,
808 3819 878 3874 VIII
895 3837 910 3876 c
1018 3820 1123 3877 idemc
1155 3834 1159 3840 ·
1232 3821 1358 3892 adiectis]
1377 3820 1525 3877 subtractis
1543 3837 1558 3876 c

451 3903 487 3958 20
503 3901 542 3956 x1
559 3901 655 3958 diebus
672 3905 702 3958 et
719 3904 743 3969 b,
762 3905 853 3960 decern
870 3907 899 3960 ct
916 3922 1013 3961 nouem
1032 3923 1047 3962 e
1158 3907 1211 3962 VII
1230 3907 1257 3964 S.
1277 3909 1302 3975 b,
1320 3907 1375 3962 VII
1393 3922 1408 3961 e
1510 3904 1590 3959 VII

451 4003 509 4058 epr.
527 4003 612 4044 orme
762 3990 796 4044 21
815 3989 876 4045 dod
895 3991 959 4046 edd.
982 3993 1028 4060 W,
1045 4009 1095 4049 ons
1115 3993 1147 4048 bc
1294 3993 1320 4048 V
1337 3993 1376 4051 IL
1395 4007 1453 4064 epr.
1471 4007 1557 4048 em.c

452 4075 550 4142 qusrto
566 4072 651 4130 XXX.
671 4076 767 4144 quinte
785 4074 833 4130 II.
861 4079 934 4132 sexto
951 4075 1042 4134 XXII.
1070 4079 1187 4148 septime
1206 4079 1260 4134 III.
1278 4083 1374 4135 entem
1401 4080 1494 4134 eutem
1520 4094 1590 4133 sune

451 4159 564 4214 iuuenta
589 4159 631 4214 est
647 4157 699 4212 XV
723 4161 813 4229 quam
830 4163 861 4216 iu
883 4162 1016 4232 priucipio
1033 4163 1062 4218 iu
1081 4165 1283 4221 firmamentum
1306 4165 1374 4221 coeli
1391 4165 1483 4220 fueret
1500 4165 1591 4235 posits

451 4243 520 4299 VIII
538 4243 575 4298 Iul.
594 4260 650 4315 spr.
669 4243 727 4299 1111
746 4245 850 4304 durinc
951 4248 987 4302 24
1003 4249 1116 4320 ratione]
1132 4249 1239 4307 fectec
1342 4252 1452 4307 hebraei
1470 4266 1521 4307 cnr.
1540 4266 1555 4307 c

451 4331 677 4389 tdluusrsmco
781 4331 1130 4391 iuxts...lunsresosr.b
