4012 5066
417 377 478 440 136
886 372 1070 442 Appendix.

413 532 502 590 testes
523 531 637 591 Domini
658 531 889 607 inpugnauorunt
915 533 965 590 sed
987 535 1018 590 et
1037 531 1132 604 ipsum
1149 532 1299 592 Dominum
1325 531 1425 605 perfidi
1439 529 1543 602 soloni,

412 633 611 692 oontumaiiem
628 634 757 694 fenerent
774 633 851 708 petri
872 634 901 693 in
917 633 986 694 tilio.
1009 635 1079 707 quid
1094 635 1184 708 igitur
1201 635 1282 708 digni
1297 635 1413 693 fuorunt
1429 634 1490 706 pati
1505 632 1541 692 ob

413 733 467 794 hoo
486 735 665 794 sommum?
691 735 802 796 seilioet
823 735 919 810 iugari
939 736 973 796 de
989 752 1087 810 regno,
1114 736 1242 796 abdioani
1256 735 1435 796 hereditate:
1459 739 1490 794 et
1504 735 1548 794 ita

413 835 520 894 suetum
535 839 582 895 sot
596 839 626 896 et
642 837 683 896 ita
696 837 801 910 euenit,
823 837 912 912 digna
931 837 1029 910 dignis
1050 838 1224 912 optigeront
1247 839 1330 912 peter
1344 837 1420 896 euim
1435 839 1537 897 eontu-

412 937 515 998 maiias
528 955 630 1012 passus
644 939 675 998 iu
690 939 759 1012 tilio,
787 938 865 1000 iilius
880 955 1032 1015 perpessus
1047 940 1078 999 in
1092 940 1240 1015 propinetis
1255 943 1382 1013 tempore
1404 957 1460 1014 qno
1474 956 1538 1000 me·
1554 957 1568 998 o

412 1039 555 1098 nuenton:
578 1040 609 1100 in
633 1058 685 1101 sno
706 1045 832 1114 tempere
853 1043 968 1100 ooaotus
994 1045 1039 1101 est
1065 1041 1260 1115 indignatione
1286 1041 1409 1102 seribere
1432 1058 1539 1102 nonum

413 1143 617 1202 testamentum
642 1142 780 1202 adhibitis
805 1142 931 1203 testibus
956 1142 1036 1203 eaelo
1062 1146 1092 1202 et
1117 1145 1196 1204 terre
1219 1145 1250 1201 ot
1264 1142 1366 1218 angelo
1381 1144 1416 1202 de
1432 1141 1539 1216 templo

413 1241 620 1303 adsistentibus
635 1243 732 1318 Mopse
747 1247 776 1303 et
790 1244 885 1304 Helie.
902 1246 955 1304 hos
970 1244 1045 1304 euim
1056 1247 1147 1305 testes
1158 1243 1300 1318 adhibuit,
1316 1261 1380 1304 oum
1392 1245 1540 1317 pateretur

413 1343 445 1402 in
469 1343 576 1404 israele
598 1347 670 1406 haee
694 1347 738 1406 ita
762 1345 842 1406 taeta
860 1345 1004 1419 praedixit
1025 1363 1077 1420 por
1091 1347 1247 1421 prophetas
1261 1347 1308 1406 his
1323 1347 1434 1406 uerbim
1458 1344 1545 1405 nudi

415 1447 551 1506 caelum
588 1451 624 1507 et
659 1447 792 1522 praebe
833 1465 953 1508 aurem
990 1452 1111 1520 terra,
1154 1448 1325 1522 queniam
1360 1448 1539 1508 Dominus
1558 1469 1583 1508 n

415 1547 562 1608 loeutus
588 1551 661 1608 est:
691 1549 798 1610 tilios
826 1549 936 1623 genui
966 1551 1003 1608 et
1031 1551 1213 1622 exaltasi,
1241 1550 1314 1623 ipsi
1343 1553 1460 1608 autem
1489 1564 1541 1608 me

416 1649 720 1722 repudiaoerunt.

321 1809 323 1814 .
383 1746 404 1803 4
456 1751 519 1810 Has
533 1769 617 1812 uooee
632 1753 732 1812 effudit
747 1753 885 1812 Dominus
906 1752 937 1810 in
951 1753 1042 1812 lsrael
1058 1751 1219 1812 ooeiferons
1234 1752 1350 1813 diosus:
1372 1741 1436 1812 ‘uos
1450 1752 1545 1814 nolui·

412 1851 476 1924 stis,
492 1851 544 1911 elii
559 1871 603 1913 me
617 1855 756 1928 recipient
771 1855 820 1929 qni
836 1856 962 1914 nondum
977 1871 1030 1914 nee
1044 1854 1217 1913 montionem
1233 1853 1290 1913 mei
1305 1855 1465 1913 numerent.
1489 1869 1542 1913 uos

415 1955 531 2029 nuptias
556 1973 634 2015 meas
660 1955 823 2030 spreoistis,
849 1955 900 2016 aiii
927 1956 1010 2014 ibunt
1030 1956 1080 2028 qui
1102 1973 1158 2016 non
1174 1962 1242 2015 sont
1257 1956 1360 2016 uocati,
1383 1973 1434 2015 uos
1449 1973 1543 2014 meum
1556 1975 1583 2014 us

415 2073 464 2116 ros
489 2059 520 2116 st
546 2058 659 2116 oineem
684 2056 775 2118 oolere
795 2056 962 2129 recusastis,
989 2056 1065 2117 onds
1085 2057 1197 2117 fruetus
1212 2056 1340 2116 iustitiae
1356 2056 1543 2131 proueniunt:

415 2159 465 2217 alii
490 2159 585 2219 nolent
599 2161 629 2219 et
648 2160 758 2220 fruetus
773 2159 885 2232 capient
899 2160 930 2218 in
945 2148 1023 2218 Deo'.
1046 2175 1119 2232 quae
1135 2160 1180 2218 est
1194 2159 1254 2217 ista
1266 2161 1326 2218 mm
1340 2157 1403 2216 dira
1418 2174 1498 2217 moos
1516 2160 1547 2216 et

416 2260 574 2319 exserendo
598 2260 755 2333 eogitutio?
778 2259 938 2319 interficere
964 2275 1032 2334 ergo
1058 2259 1193 2333 potuistis
1218 2275 1313 2333 regem
1339 2261 1369 2317 et
1384 2263 1542 2333 sponsum?

417 2364 534 2436 propter
554 2364 609 2422 hoo
623 2363 706 2422 testis
720 2367 765 2422 est
786 2360 897 2422 eaelum
912 2364 942 2420 at
956 2365 1034 2421 terra
1048 2366 1078 2422 et
1092 2379 1165 2436 quoae
1181 2362 1211 2420 in
1225 2360 1286 2419 illis
1301 2358 1371 2420 sont
1385 2360 1542 2420 elementa:

417 2461 534 2536 insuper
558 2467 588 2523 et
613 2465 703 2523 omnis
730 2467 861 2524 ereatura
884 2464 970 2524 testis
991 2464 1036 2524 est
1058 2464 1088 2522 in
1113 2466 1232 2524 mortem
1259 2462 1376 2522 consti.
1401 2480 1417 2522 o
1440 2478 1543 2522 nouem
1558 2477 1585 2518 no

413 2563 622 2625 crudelitatem.
658 2569 797 2626 eommote
831 2570 876 2626 est
905 2566 998 2627 omnis
1027 2564 1166 2624 natiuitee
1196 2566 1227 2623 in
1254 2563 1369 2638 Domini
1398 2562 1542 2636 passione,

413 2667 535 2740 populus
550 2667 656 2726 mansit
676 2668 822 2728 inmobilis
845 2669 908 2729 siue
923 2668 1130 2742 trepidatione:
1154 2667 1273 2742 angelus
1288 2667 1316 2726 in
1332 2666 1539 2740 paenitentiam

413 2768 556 2828 domuisse
566 2769 707 2828 uelamine
721 2769 839 2844 refugit,
854 2770 936 2845 plebs
951 2770 1012 2828 sine
1027 2786 1132 2842 pauore
1145 2769 1258 2842 integra
1268 2771 1349 2828 ueste
1365 2769 1543 2841 permansit:

488 2999 566 3054 sm.
585 3002 610 3064 1,
627 3001 652 3054 2.

484 3225 571 3296 lipsi
588 3225 697 3282 somno
714 3245 740 3294 ο,
758 3228 847 3296 ipson
865 3209 957 3282 offi‘n
1043 3225 1177 3295 opernm
1195 3225 1224 3281 a
1308 3225 1464 3279 oisemo
1481 3238 1508 3293 p.
1527 3225 1548 3276 i.

414 3313 443 3382 1.]
461 3313 533 3382 patri
550 3313 580 3368 in
598 3313 654 3367 tilio
672 3311 816 3369 inferentes
835 3313 862 3368 Β
984 3312 1050 3383 quid
1067 3312 1162 3382 igitur]
1182 3311 1230 3381 qui
1247 3309 1391 3366 dieiturT
1503 3309 1548 3380 ob]

413 3397 447 3450 ab
468 3397 533 3468 ΟΨ
644 3399 738 3452 3oum
756 3398 861 3451 scilieet
879 3399 907 3452 B
1024 3398 1201 3452 hereditatem
1220 3396 1360 3466 Brow
1474 3398 1553 3451 test

413 3498 463 3536 oen.
482 3483 511 3539 B
633 3487 792 3553 optegeront
811 3484 864 3554 QT
989 3483 1215 3539 eontumelismo
1342 3483 1435 3538 dtilio
1452 3483 1472 3538 1.
1491 3497 1551 3551 per-

414 3583 506 3637 pessus
524 3583 574 3622 mn
593 3568 621 3622 Β
732 3568 953 3624 moriebanturo
1066 3568 1142 3637 ide]
1162 3571 1190 3623 et
1207 3568 1259 3638 BQ
1360 3568 1505 3636 8moysen
1524 3571 1553 3621 st

412 3653 504 3707 helian
524 3652 580 3722 dr,
598 3669 705 3723 moysen
724 3655 751 3707 et
768 3653 865 3722 angeio
885 3654 913 3708 Β
1080 3653 1260 3722 9pnophetas
1277 3654 1319 3708 ita
1336 3653 1470 3724 preadixit
1487 3653 1516 3708 Β

416 3738 450 3792 10
467 3741 567 3793 moram
586 3739 613 3792 Β
692 3738 725 3792 12
741 3738 960 3808 repudiemus-unt]
979 3741 1138 3807 spreuerunt
1156 3739 1200 3794 Bo
1278 3739 1312 3794 13
1329 3738 1444 3792 offendit
1461 3737 1516 3809 BQ

415 3823 548 3879 uoeitorss
568 3823 594 3879 T
716 3827 744 3878 st
761 3822 852 3879 diosus
870 3824 964 3880 ΒΜύ
1089 3823 1218 3878 noluistis
1235 3823 1302 3888 BT,
1319 3839 1361 3878 me
1379 3823 1506 3879 noluistis
1523 3840 1549 3888 o,

414 3909 541 3964 noluistis
558 3925 601 3964 me
618 3909 732 3978 recipere
752 3910 775 3980 ρ
892 3910 926 3963 14
942 3925 991 3962 neo
1008 3925 1073 3976 esp.
1092 3909 1131 3963 Μ
1244 3910 1278 3963 lo
1295 3909 1473 3978 expraonistis
1492 3910 1517 3980 Q

414 3993 504 4064 ibunt]
522 3996 587 4048 sunt
606 3993 631 4046 T
740 3993 830 4048 ueoati
849 3995 909 4065 Md
926 3994 959 4048 ia
974 4000 1091 4063 ostrow
1108 4009 1125 4047 a
1143 4009 1214 4048 cerr.
1325 3994 1358 4048 16
1375 4009 1418 4048 ros
1436 3994 1519 4065 BQT

418 4081 525 4135 niueam
543 4096 666 4136 meame
769 4079 801 4134 17
820 4080 938 4136 fructum
958 4080 982 4151 Q
1086 4083 1128 4135 est
1145 4097 1231 4134 οπο
1334 4080 1368 4135 19
1386 4083 1469 4137 testes
1486 4083 1554 4136 sont

418 4182 441 4229 o,
460 4165 540 4220 testis
557 4168 585 4219 et
606 4165 631 4220 Τ
740 4166 866 4235 tornet]
886 4169 984 4219 terram
1003 4166 1031 4220 Β
1140 4165 1176 4220 20
1193 4166 1355 4236 insaporet]
1373 4168 1485 4235 insuper
1503 4181 1519 4220 o

417 4251 617 4320 alomeonem
637 4250 661 4304 T
773 4251 809 4305 23
827 4251 932 4304 oouoiso
950 4251 994 4306 Bo
1097 4251 1172 4320 pleps
1194 4253 1223 4315 Τ,
1242 4251 1318 4320 plebs
1336 4255 1426 4306 entem
1449 4251 1518 4324 BQo
