4016 5054
422 399 487 466 222
896 393 1079 466 Appendir.

422 554 581 631 ignominie
605 553 756 615 effitiatur.
779 570 846 612 uum
872 552 903 612 iu
928 550 1149 612 Deuteronomio
1175 566 1239 610 oum
1261 545 1358 626 iioyee
1380 547 1552 624 expostulat,

423 658 500 732 quod
523 657 599 730 apud
619 654 755 730 populum
775 653 812 715 ob
833 653 931 714 latiois
953 653 1101 728 penuriam
1115 653 1337 712 murmurantem
1350 652 1382 711 iu
1397 651 1488 736 Gaias
1502 651 1553 710 de-

424 759 497 818 serti
516 759 566 818 Sin
586 759 624 818 ed
643 775 732 832 aquas
755 755 992 818 ooutrarlietiorris
1005 773 1063 815 uou
1078 753 1266 815 amutiioerit
1279 753 1374 827 ipsum
1388 753 1463 812 iuter
1478 751 1554 812 lilios

424 858 527 932 Israel,
554 862 584 920 et
608 860 644 920 ob
669 859 744 919 haue
768 858 906 919 offensam
928 874 985 918 nou
1007 859 1053 918 est
1074 856 1119 917 illi
1141 874 1194 917 neo
1206 855 1314 916 Aaroui
1329 855 1427 916 datum
1441 855 1554 928 ingredi

425 965 532 1022 terram
553 961 722 1036 promissam
743 977 778 1020 ao
798 963 843 1021 tot
864 960 949 1020 annis
970 961 1182 1034 erapeotetum,
1204 958 1256 1018 sed
1277 959 1389 1018 autum
1410 973 1426 1018 e
1448 956 1575 1018 montier

426 1064 535 1124 uertioe
549 1063 647 1138 prooul
661 1063 788 1138 aepiusre
802 1063 896 1122 liuuit.

394 1169 414 1227 3
468 1165 557 1224 Ροπο
572 1166 646 1240 quod
660 1165 769 1226 dietum
784 1167 830 1224 eet
845 1163 1024 1226 eauotifioere
1045 1181 1097 1238 pro
1112 1163 1279 1238 glorilioere¹
1304 1163 1354 1237 qui
1368 1162 1482 1222 litteras
1497 1161 1554 1221 He·

424 1266 574 1326 brueorum
596 1265 713 1340 callem,
735 1267 881 1328 effumaut
902 1283 967 1328 esse
988 1265 1128 1328 sermonis
1149 1265 1230 1326 illius
1244 1264 1456 1340 proprietatem.
1479 1264 1555 1339 quou

424 1367 518 1442 ipsum
548 1373 642 1428 tamen
665 1387 699 1430 ex
720 1369 787 1429 eliis
809 1369 1014 1444 seripturarum
1037 1367 1109 1428 looie
1130 1367 1239 1442 liquere
1260 1369 1373 1442 potest,
1402 1365 1428 1426 si
1460 1366 1555 1424 miuus

424 1469 540 1529 illorum
564 1470 728 1530 testimonio
754 1469 879 1542 fidimus,
906 1469 1134 1544 quandoquidem
1157 1471 1188 1530 et
1210 1470 1240 1528 iu
1265 1469 1392 1528 oratioue
1413 1467 1590 1526 domiuioaro

423 1572 691 1631 sanctificetur
719 1587 844 1631 nomeu
878 1573 977 1631 tuum
1010 1570 1119 1631 dietum
1145 1573 1191 1630 est
1213 1587 1264 1646 pro
1290 1569 1465 1645 glorifioetur
1491 1569 1553 1628 siue

423 1671 597 1733 elariflootur
610 1690 711 1733 nomen
725 1677 816 1732 tuum.
839 1672 883 1732 eiu
905 1674 936 1732 et
957 1671 1119 1732 corinthios
1139 1673 1316 1743 exhortatur,
1343 1673 1376 1730 ut
1395 1667 1555 1745 glorificant

424 1791 459 1833 eo
474 1773 603 1834 baiulent
615 1775 706 1834 Deum
720 1775 750 1832 in
770 1789 888 1848 oorpore
910 1790 972 1834 auo.
996 1774 1072 1834 sieut
1093 1773 1169 1834 enim
1193 1789 1295 1832 nomeu
1309 1771 1364 1832 Dei
1378 1771 1556 1846 glorificatur

424 1875 487 1934 uite
511 1877 623 1948 piorum
650 1875 806 1948 hominum,
833 1874 988 1948 inquibus
1011 1876 1074 1950 ipae
1097 1874 1301 1950 perspiritum
1324 1891 1407 1933 suum
1421 1874 1555 1948 operatur

424 1973 563 2049 quidquid
579 1976 688 2035 lueiuut
703 1977 787 2036 boui:
809 1977 852 2034 ite
866 1992 883 2035 e
897 1976 1013 2036 diuerso
1027 1975 1167 2050 polluitur
1182 1978 1212 2034 et
1226 1975 1381 2034 infametur
1395 1973 1555 2034 muleieotis
1565 1993 1591 2033 ra

424 2089 521 2135 eorum
537 2076 587 2149 qui
602 2093 633 2136 so
648 2077 701 2137 Dei
716 2078 841 2139 uultures
856 2077 1035 2152 profitentur.
1051 2077 1286 2153 quemadmodum
1300 2079 1330 2136 et
1343 2075 1447 2135 militie
1461 2075 1556 2135 uirtus

424 2181 475 2238 aut
498 2179 577 2239 serui
596 2180 725 2253 probitas
739 2182 881 2241 redundat
903 2181 933 2240 iu
958 2181 1080 2256 gloriam
1102 2181 1182 2240 <lueis
1208 2182 1260 2240 aut
1283 2179 1357 2254 heri,
1387 2179 1430 2238 ite
1455 2178 1557 2238 militis

424 2280 543 2354 moenie
562 2285 614 2340 eut
634 2283 710 2342 serui
725 2283 856 2358 nequitie
870 2283 1002 2342 dedmori
1016 2285 1061 2342 eat
1075 2283 1140 2343 duoi
1155 2283 1298 2353 euthero,
1313 2282 1466 2355 propterea
1480 2281 1556 2355 quod

424 2381 526 2442 horum
546 2399 640 2443 mores
654 2400 759 2457 magna
772 2401 807 2443 ex
822 2387 904 2458 perte
925 2385 1052 2456 pendent
1066 2385 1104 2444 ab
1119 2383 1233 2443 illorum
1247 2382 1374 2442 moribus
1389 2383 1419 2440 in
1434 2397 1556 2455 quorum

422 2487 567 2557 potestate
594 2487 670 2546 eunt.
699 2485 748 2561 qui
773 2486 888 2546 etiamsi
913 2502 1032 2560 prorsus
1057 2485 1164 2546 abeunt
1183 2487 1219 2545 ab
1241 2485 1317 2544 omui
1343 2483 1436 2558 eulpa,
1459 2485 1591 2544 temeueo

423 2587 571 2661 populeris
597 2588 770 2647 existimatio
792 2587 869 2646 solet
888 2587 1065 2646 dominorum
1088 2605 1180 2646 meree
1202 2606 1237 2648 ex
1262 2603 1408 2648 seruorum
1428 2586 1556 2648 moribus

424 2689 587 2748 aestimare.
611 2690 685 2749 uude
711 2687 798 2748 etiam
822 2687 869 2747 hio
895 2687 1025 2748 uidemus
1048 2687 1175 2748 diuinam
1197 2689 1367 2765 seripturam
1391 2691 1556 2766 frequenter

424 2789 505 2849 iuxta
533 2791 695 2850 mortalium
726 2791 845 2849 alieuius
874 2788 1038 2864 loquentem
1065 2788 1145 2850 uolut
1164 2791 1194 2850 iu
1215 2792 1342 2852 Leuitieo
1357 2794 1392 2852 de
1407 2810 1440 2852 eo
1455 2794 1505 2867 qui
1520 2795 1555 2854 ele

422 2891 531 2950 semiue
556 2909 607 2951 suo
635 2891 762 2952 dedisset
791 2891 867 2951 idolo
894 2891 1007 2952 Molooh
1036 2891 1122 2952 dieii:
1151 2894 1237 2967 quie
1265 2894 1403 2968 polluit
1425 2912 1556 2956 nomeu

422 2995 591 3052 sanetum
613 3009 733 3053 meum.
756 2995 787 3051 et
811 2994 888 3067 quod
903 2994 940 3052 eb
963 2993 1125 3053 homiuibus
1151 2995 1357 3055 seuotifiuutum
1380 2999 1435 3068 eet,
1462 2996 1588 3069 polluite

422 3096 534 3166 potest:
557 3093 609 3154 Dei
630 3110 696 3154 uero
717 3111 819 3154 nomeu
840 3093 870 3153 iu
893 3112 923 3154 se
949 3111 1063 3170 semper
1083 3099 1128 3155 est
1152 3096 1317 3170 gloriosum,
1333 3099 1409 3172 apud
1425 3098 1555 3158 homiues

423 3195 538 3253 tautum
564 3196 789 3267 contuminetur,
817 3197 1052 3269 quemadmodum
1077 3197 1199 3256 mendax
1225 3197 1344 3257 iufamia
1368 3216 1425 3260 mou
1451 3199 1556 3274 polluit

423 3295 518 3355 uirum
537 3297 692 3370 integrum.
716 3299 758 3357 sio
782 3299 812 3356 et
835 3298 911 3371 apud
927 3297 1107 3360 Ezechielem
1129 3297 1236 3359 clamet
1251 3315 1352 3359 uomere
1367 3317 1450 3361 suum
1464 3299 1555 3362 fuisse

423 3397 565 3471 pollutum
588 3399 663 3460 inter
686 3404 786 3475 gentes
802 3400 899 3474 impiis
914 3401 1041 3461 moribus
1056 3401 1264 3462 israelitarum.
1288 3402 1357 3477 quin
1373 3407 1403 3463 et
1418 3403 1554 3464 beatissi-

424 3517 488 3560 mus
504 3501 613 3561 Paulus
634 3503 762 3562 scribens
790 3502 927 3562 Romanis
942 3519 977 3560 ex
991 3503 1162 3562 austeritate
1177 3504 1333 3577 prophetae
1348 3504 1427 3575 dieii,
1452 3505 1552 3579 appel·
1564 3525 1590 3564 eo

422 3601 487 3662 leus
504 3603 625 3664 Iudaeos
640 3604 733 3678 legem
749 3603 929 3682 prolitentes,
956 3605 1008 3663 aed
1022 3621 1056 3664 ea
1070 3620 1143 3678 quse
1159 3603 1205 3663 lex
1220 3609 1300 3665 uetat
1314 3605 1470 3666 iacientes:
1494 3623 1553 3667 no·

422 3721 499 3765 meu
520 3706 585 3765 Ilei
607 3706 881 3780 blesphametur
905 3707 1006 3767 iuter
1028 3710 1166 3780 gentes.
1190 3711 1219 3766 at
1242 3708 1272 3766 iu
1303 3708 1431 3768 oratioue
1460 3710 1552 3768 ‹lomi-

423 3806 499 3880 uioa,
522 3807 598 3866 siout
612 3806 698 3881 attigi
713 3808 838 3881 modum,
863 3825 898 3867 ex
913 3808 1084 3868 auctoritate
1109 3808 1277 3868 redemtoris
1293 3825 1407 3868 oremus
1421 3813 1454 3868 ut
1470 3827 1554 3870 suno·

423 3907 550 3970 tiliuetur
573 3926 673 3970 nomeu
688 3911 741 3971 Dei
755 3911 859 3985 petris,
884 3910 940 3971 hoo
954 3913 1000 3972 est
1014 3914 1047 3971 ut
1071 3913 1242 3974 inoleresoet
1257 3915 1288 3972 et
1302 3913 1463 3974 illustretur
1478 3914 1555 3988 apud

426 4011 557 4072 homiues
580 4012 678 4088 utique
692 4029 745 4085 per
759 4013 889 4075 homiues
903 4012 951 4072 uel
965 4014 1063 4086 potius
1079 4014 1109 4073 iu
1123 4013 1296 4075 homiuibus.
1320 4012 1486 4074 illustratur
1500 4032 1553 4074 au·
1563 4033 1589 4076 ra

492 4265 525 4317 11
543 4263 642 4319 Matth.
661 4265 685 4332 6,
703 4265 727 4320 9.
911 4265 947 4318 24
963 4263 1027 4320 Iaeu.
1044 4265 1087 4330 20,
1106 4264 1133 4322 3.
1321 4264 1355 4319 31
1373 4264 1449 4320 Rom
1468 4265 1493 4332 2,
1513 4265 1554 4321 24.
