4012 5056
978 407 1069 463 Vita.
1525 420 1597 473 (ΝΠ

453 571 516 636 iam
534 567 714 647 Thracium,
729 585 824 651 quem
836 565 961 651 praetor
976 564 1130 631 celebrem
1142 562 1279 649 gloriosa
1290 562 1435 647 opinione
1446 560 1596 627 notitiam

453 673 551 740 etiarn
568 673 605 738 de
620 671 916 738 commemoratione
935 667 1181 754 praeclarissimi
1196 666 1299 750 operis
1313 683 1405 731 namo
1420 683 1482 731 non
1497 680 1595 729 noue-

361 831 362 836 ,
451 777 513 842 rat.
535 774 761 842 concumbant
782 772 919 862 undique
938 790 1065 837 uersum
1079 787 1188 835 omncs
1203 767 1243 833 ad
1258 767 1483 852 spectaculum,
1504 767 1595 832 nobis

450 895 507 961 pro
523 875 689 943 deuotione
703 875 777 940 fidei
792 874 975 960 gloriosum,
991 872 1168 957 gentilibus
1182 874 1215 936 et
1229 870 1408 936 dolendum.
1431 871 1595 954 receptum

429 998 524 1046 saum
538 981 646 1045 nmen
662 980 695 1045 et
709 977 743 1044 in
755 979 847 1068 domo
863 975 1012 1059 principis
1028 974 1238 1040 constitutum
1254 993 1317 1040 una
1332 975 1422 1040 nocte
1438 973 1596 1038 continuit

451 1081 595 1147 custodia
614 1081 759 1158 delicata,
781 1079 829 1144 ita
850 1080 887 1144 ut
907 1077 1058 1144 conuiuae
1079 1078 1146 1142 aius
1162 1079 1195 1143 et
1210 1077 1275 1142 cari
1287 1077 1322 1141 in
1338 1075 1541 1142 contubernio
1556 1093 1594 1140 ex

450 1201 537 1248 more
549 1169 715 1249 fuerimus.
730 1182 820 1265 plebs
834 1180 963 1246 iuterim
977 1181 1045 1244 tota
1060 1178 1200 1245 sollicita
1209 1197 1249 1242 uo
1260 1196 1317 1260 per·
1331 1180 1455 1257 noctem
1466 1176 1589 1259 aliquid

451 1285 518 1351 sina
540 1284 729 1352 couscientia
749 1283 800 1350 sui
822 1281 911 1348 fieret
931 1283 1005 1347 aute
1025 1280 1108 1347 foues
1130 1279 1281 1363 principis
1303 1278 1486 1345 excubabat.
1517 1295 1591 1344 oon·

451 1388 545 1454 cessit
559 1389 589 1454 ei
603 1389 679 1453 tunc
693 1385 803 1452 diuina
816 1383 941 1450 bonitas
956 1402 1030 1450 uere
1043 1383 1149 1468 digno,
1170 1383 1209 1449 ut
1222 1382 1282 1448 Dei
1297 1380 1432 1466 populus
1446 1380 1545 1448 etiam
1559 1379 1593 1447 in

418 1490 624 1556 rosacerdotia
652 1487 796 1572 passione
825 1486 985 1572 uigilaret.
1016 1485 1151 1551 forsitan
1176 1488 1285 1552 tamen
1311 1487 1442 1568 quaerat
1467 1485 1593 1567 aliquis,

451 1611 531 1675 quae
545 1609 639 1658 causa
652 1589 751 1656 fuerit
765 1608 785 1655 a
798 1587 954 1672 praetorio
969 1587 1148 1654 reuertendi
1164 1587 1203 1654 ad
1218 1588 1419 1672 prinoipem?
1434 1589 1467 1654 et
1481 1587 1595 1653 uolunt

450 1693 509 1760 hoo
529 1693 652 1759 scilicet
672 1692 803 1774 quidam
824 1692 863 1756 de
883 1707 940 1756 suo
961 1691 1036 1756 tuno
1051 1690 1268 1773 proconsulem
1283 1691 1431 1756 uoluisse.
1457 1691 1543 1756 absit
1557 1690 1596 1754 ut

334 1841 338 1862 .
450 1794 483 1860 in
506 1794 599 1860 robus
626 1793 781 1860 diuinitus
805 1792 905 1877 gestis
928 1791 1096 1876 segnitiem
1120 1791 1188 1858 siue
1211 1790 1377 1858 fastidium
1400 1791 1595 1874 proconsulis

451 1913 628 1978 conquerar.
659 1894 744 1959 absit
769 1894 807 1958 ut
831 1893 953 1958 malum
979 1892 1039 1958 hoc
1063 1893 1148 1958 intra
1177 1893 1398 1959 conscientiam
1427 1891 1594 1975 religiosae

416 2020 442 2060 ιι
452 1999 569 2063 mentis
589 1996 770 2074 admittam,
792 1997 830 2060 ut
845 1993 965 2060 datam
980 1993 1164 2060 beatissimo
1180 1997 1319 2078 martyre
1333 1994 1442 2060 ructus
1457 1991 1594 2057 hominis

451 2099 616 2166 iudicaret.
648 2096 702 2164 sed
730 2097 885 2164 crastinus
910 2096 976 2162 dies
1002 2095 1058 2161 illo
1084 2115 1178 2179 quem
1205 2097 1278 2162 aute
1306 2113 1424 2161 annum
1451 2093 1593 2180 dignatio

452 2202 561 2267 diuina
575 2200 771 2282 praedixerat
785 2218 858 2264 uere
873 2199 1028 2265 crastiuum
1044 2219 1111 2266 ease
1126 2200 1269 2266 debebat.

495 2302 617 2368 Iuluxit
639 2302 774 2384 danique
797 2301 864 2366 dies
888 2301 979 2378 alius,
1003 2301 1059 2366 ille
1079 2305 1236 2386 signatus,
1260 2302 1316 2367 ille
1330 2301 1514 2384 promissus,
1537 2299 1593 2364 illa
1607 2298 1645 2360 lo

451 2405 588 2482 diuinus,
619 2422 711 2486 quam
738 2404 766 2468 si
791 2404 942 2486 tyrannus
971 2403 1039 2485 ipso
1068 2403 1194 2470 differre
1223 2403 1388 2480 uoluisset,
1419 2421 1592 2484 numquam

419 2523 581 2589 enprorsus
606 2505 742 2570 ualeret:
769 2504 837 2570 dios
859 2504 897 2570 de
920 2504 1110 2571 couscientia
1135 2504 1237 2571 futuri
1261 2505 1412 2588 martyris
1437 2505 1539 2569 laetus
1560 2504 1593 2569 et

450 2607 600 2673 discussis
613 2626 671 2689 per
684 2609 788 2672 totum
803 2606 915 2672 mundi
930 2607 1088 2673 ambitum
1103 2608 1240 2674 nubibus
1256 2608 1341 2673 claro
1357 2607 1422 2673 sole
1437 2606 1591 2673 rudiatur.

450 2727 592 2794 egressus
617 2710 666 2773 est
692 2707 821 2774 domum
845 2707 1008 2793 principis,
1036 2710 1090 2774 sed
1112 2707 1232 2776 Christi
1256 2711 1289 2775 et
1302 2709 1363 2775 Dei
1388 2709 1533 2792 princeps
1559 2713 1592 2774 et

450 2813 631 2898 agminibus
652 2811 869 2877 multitudinis
883 2811 1000 2877 mixtae
1015 2831 1052 2877 ex
1067 2812 1152 2877 omni
1167 2812 1257 2894 parte
1272 2812 1412 2878 uallatus
1428 2811 1518 2894 [est].
1546 2810 1593 2876 sio

450 2917 557 2979 autem
584 2913 752 2979 comitatui
777 2913 846 2977 eius
867 2911 1010 2980 infinitus
1037 2915 1190 2979 exercitus
1216 2913 1413 2994 adhaerebat,
1441 2913 1531 2996 quasi
1552 2912 1593 2978 ad

414 3039 441 3080 aa
451 3017 688 3100 expugnandam
703 3017 839 3092 mortem
854 3035 950 3081 manu
965 3013 1050 3082 facta
1064 3016 1235 3081 ueniretur.
1259 3015 1353 3081 eundi
1370 3015 1478 3080 auteur
1493 3015 1592 3080 intar-

449 3116 513 3182 init
531 3117 687 3183 trauntur
707 3117 814 3182 stadii.
838 3117 916 3182 bena
931 3134 1005 3182 uero
1021 3119 1053 3182 et
1068 3118 1157 3200 quusi
1172 3117 1385 3207 donindustu'a
1399 3115 1530 3192 factum,
1554 3118 1593 3181 ut

450 3220 482 3284 ot
506 3217 611 3284 locum
637 3218 839 3302 congruentis
866 3217 1048 3284 certaminis
1073 3220 1269 3301 praeteriret,
1301 3219 1355 3301 qui
1382 3219 1422 3286 ad
1448 3236 1591 3288 coronam

449 3320 591 3386 iustitiae
618 3321 834 3386 consummato
859 3337 959 3404 agone
984 3321 1137 3386 currebat.
1167 3321 1222 3386 sed
1248 3319 1305 3386 ubi
1332 3322 1373 3386 ad
1398 3320 1593 3402 praetorium
1691 3361 1694 3366 -

449 3426 581 3488 uentum
602 3424 661 3501 ost,
682 3423 823 3488 nondum
837 3424 1023 3505 procedente
1038 3423 1221 3506 proconsule
1236 3423 1385 3489 sacratior
1397 3422 1484 3488 locus
1500 3423 1593 3487 datus

501 3659 516 3712 1
529 3658 585 3712 iarn
600 3660 657 3716 Te.
670 3658 699 3728 t,
713 3675 763 3714 oon
778 3675 804 3714 w
907 3659 1024 3714 tascium
1033 3681 1062 3727 μ,
1073 3659 1174 3714 tarium
1187 3677 1213 3714 eo
1315 3661 1348 3715 da
1360 3660 1477 3731 gloriosa
1488 3661 1557 3724 fort.

449 3743 550 3798 notitia
565 3744 592 3799 T
711 3744 729 3799 2
741 3743 940 3814 preclarissimo
952 3761 976 3799 to
1095 3747 1113 3802 3
1126 3745 1329 3818 concurrebant]
1341 3746 1383 3802 ch.
1396 3745 1521 3802 currebat
1536 3748 1562 3803 1·

450 3843 571 3883 numo
673 3829 859 3899 ddauotioue]
872 3830 1041 3886 diuinatiouc
1054 3831 1081 3886 T
1177 3833 1368 3903 gloriosissimi
1380 3849 1406 3886 ao
1503 3834 1594 3903 ganti-
1722 3899 1725 3907 Ι

447 3911 500 3968 bns
514 3914 540 3969 1·
668 3915 706 3984 st]
719 3915 835 3985 etiamp
968 3916 1124 3987 dolendum]
1135 3917 1245 3987 reliqua
1262 3917 1362 3972 deam
1373 3918 1407 3973 in
1422 3918 1474 3987 Τις
1486 3919 1552 3974 odd.
1566 3925 1593 3973 t:

321 3993 324 3997 ’
448 3998 569 4069 Explicit
578 3999 613 4054 de
625 3999 686 4056 uita
697 4001 794 4058 cecilii
806 4001 935 4072 Cypriani
947 4002 1082 4058 antistitis
1187 4003 1286 4074 boum]
1299 4005 1371 4060 eninr
1384 4021 1409 4060 ro
1502 4005 1518 4060 6
1531 4021 1594 4060 oon-

448 4083 529 4139 uiuas
540 4086 608 4156 eins]
621 4086 661 4140 eie
672 4102 699 4141 ao
777 4103 808 4141 ar
819 4089 902 4158 more]
915 4089 1028 4143 comites
1040 4104 1072 4142 ax
1083 4103 1157 4143 more
1169 4106 1193 4143 ao
1274 4091 1293 4145 8
1303 4091 1347 4144 sul
1359 4105 1410 4145 om.
1423 4106 1448 4144 ao
1526 4091 1543 4145 9
1555 4092 1593 4161 ai]

450 4171 521 4226 euim
532 4187 578 4240 eope
682 4170 779 4227 diuina
789 4175 888 4244 tuncp
993 4173 1026 4228 12
1039 4173 1195 4244 proconsule
1205 4190 1252 4246 aop
1358 4175 1392 4230 13
1403 4177 1551 4246 segnitiam
1564 4196 1594 4248 μ,

449 4256 577 4310 ωιίιίιιιι
588 4273 614 4311 w
705 4257 740 4312 14
751 4258 906 4329 conquerar]
920 4275 1097 4330 consequarp
1183 4259 1234 4314 hoc
1245 4264 1278 4316 ut
1289 4261 1390 4317 malurn
1403 4279 1428 4316 w
1514 4262 1549 4317 15
1561 4265 1594 4317 nt

450 4337 575 4411 da]utro
668 4342 703 4397 16
715 4357 894 4412 quemnam
992 4344 1276 4416 notmanniam
1369 4346 1521 4402 montona.
1536 4364 1559 4401 ro

448 4427 537 4482 idest
548 4428 651 4484 inoleat
754 4429 864 4484 ttinere
874 4445 920 4500 top
1024 4431 1232 4488 29secertiorao
