4016 5054
674 503 719 558 lle
737 504 988 574 singularitate
1006 503 1209 559 oleriooruru
1227 520 1252 559 o.
1272 505 1314 559 19.
1496 510 1558 575 195

425 661 509 722 eoum
524 662 727 723 autssnotibue
741 661 930 737 inquietabat
944 663 1024 724 uelut
1045 663 1075 721 in
1090 662 1183 723 medie
1198 663 1271 723 meri
1286 662 1381 722 minus
1397 665 1497 724 onuba
1512 663 1559 722 in-

422 765 504 823 duolt
517 765 615 824 laxare
630 765 696 825 uela
709 781 762 825 neo
776 781 914 840 quaerere
927 765 1131 838 gubernsouls,
1147 767 1180 824 nt
1194 764 1290 825 subita
1306 767 1477 838 tempestate
1490 781 1562 824 eon-

422 864 529 925 aitatos
544 866 698 940 naulregos
713 882 748 926 aa
763 866 911 941 insperate
925 866 1110 926 commotione
1124 866 1302 940 submergat.
1315 867 1394 926 bano
1409 867 1499 941 primo
1510 882 1560 925 ex·

425 967 506 1028 bibet
520 967 686 1042 lenitatem,
715 972 749 1029 ut
763 969 836 1030 dues
851 986 940 1029 nauso
955 968 1080 1029 obleotet
1101 967 1139 1027 ad
1153 967 1277 1028 inuieom
1292 968 1458 1042 conuenire,
1488 985 1561 1042 quas

400 1085 490 1130 eoum
504 1070 607 1131 feeerit
619 1070 742 1144 iunctae,
758 1070 918 1145 repentinis
931 1069 1094 1130 turbinibus
1104 1071 1135 1128 in
1147 1072 1239 1130 semet
1250 1070 1330 1145 ipsas
1345 1069 1453 1130 elidere
1468 1069 1561 1144 possit

424 1173 456 1232 et
469 1172 617 1247 frangere:
648 1175 679 1232 et
692 1173 739 1233 bis
754 1173 847 1234 utitur
861 1172 1084 1245 blandimentis,
1114 1171 1272 1232 subtractis
1298 1173 1432 1232 omnibus
1458 1171 1560 1233 iaoubs

425 1289 597 1347 oonpesoeus
606 1276 738 1349 aduersa,
753 1290 913 1350 suggerens
925 1290 1069 1348 prospere,
1085 1276 1116 1333 et
1127 1273 1237 1333 mmdiu
1248 1273 1375 1348 sopitum
1385 1274 1482 1349 ignem
1497 1274 1559 1333 sine

424 1373 494 1434 ullis
509 1375 631 1436 flammis
657 1376 799 1449 ocoultat,
825 1377 915 1437 donee
930 1378 1002 1436 duas
1018 1375 1130 1436 iaoulas
1146 1375 1268 1450 iungens
1282 1375 1373 1437 eomel
1396 1376 1496 1436 ambas
1510 1393 1560 1436 so·

425 1477 544 1536 condat:
571 1481 601 1537 ot
616 1478 726 1537 tamdiu
741 1481 837 1539 oossat
851 1477 991 1537 saeuitiam
1007 1494 1075 1537 suae
1090 1477 1151 1536 tola
1165 1493 1343 1552 supponere,
1370 1479 1461 1538 donee
1485 1477 1560 1537 deut

391 1579 537 1650 inperitus
552 1583 672 1640 uenator
685 1581 762 1654 quod
776 1580 923 1640 ooeisurns
937 1582 982 1638 est
996 1579 1093 1653 laquei
1108 1579 1154 1638 sui
1169 1578 1293 1638 uineulis
1314 1579 1425 1653 alligat
1455 1582 1486 1638 at
1511 1579 1561 1639 ubi

424 1680 574 1741 insolubili
600 1684 702 1741 eatena
728 1679 878 1742 deuinctos
904 1680 1091 1740 adstrinxerit
1115 1679 1197 1740 uelut
1211 1680 1319 1740 lanista
1342 1679 1473 1754 protinus
1487 1682 1560 1742 duos

423 1781 601 1856 gladiatores
615 1783 755 1843 aduersus
770 1781 893 1842 iuuioem
915 1782 1061 1856 oompellit
1082 1782 1189 1842 armari
1210 1783 1241 1841 et
1263 1782 1385 1842 subinde
1407 1781 1562 1843 stimulans

424 1885 552 1945 membra
567 1885 666 1945 statim
681 1883 795 1960 gladios
809 1886 901 1959 aptat,
928 1884 1027 1944 stetim
1053 1884 1202 1944 suoeendit
1216 1884 1359 1944 insanum
1372 1887 1403 1944 st
1417 1884 1448 1944 in
1462 1885 1558 1945 uului-

424 1987 494 2046 fisos
508 1986 658 2059 amplexus
673 1986 828 2060 inpingena
843 1989 995 2058 utrumqne
1011 1986 1100 2045 semel
1116 2003 1171 2045 uuo
1185 1986 1244 2046 ioto
1259 1985 1423 2049 mortificat.
1454 1989 1496 2047 sio
1510 2005 1560 2046 er·

389 2107 415 2146 re
425 2087 514 2162 plieot
531 2088 607 2162 quod
621 2092 688 2149 ante
703 2089 853 2162 praestaro
868 2088 992 2160 uidetur,
1019 2087 1062 2148 sio
1087 2088 1122 2147 de
1148 2086 1274 2162 simplici
1301 2087 1420 2148 oedmto
1436 2105 1561 2150 amorem

425 2192 529 2250 eoullat
554 2191 707 2263 inlinitum,
723 2191 766 2250 sio
780 2207 832 2264 per
847 2191 1031 2250 sanotitetem
1046 2189 1212 2250 subinducit
1227 2189 1387 2262 interitum,
1410 2193 1479 2251 dum
1494 2209 1561 2251 eon·

424 2295 523 2352 tentus
537 2294 584 2352 est
597 2293 707 2365 eadere,
723 2291 766 2350 sio
782 2293 862 2352 ualet
876 2291 980 2352 fortius
995 2309 1132 2364 oeouparo
1148 2294 1178 2350 et
1188 2291 1257 2351 dunu
1273 2292 1435 2351 submissus
1450 2293 1561 2366 patitur

424 2396 516 2452 semet
530 2392 624 2467 ipsum
638 2394 776 2467 praetem
791 2393 946 2465 deuiotum,
961 2393 1004 2453 sio
1017 2392 1133 2467 plenius
1148 2392 1299 2453 deuiueore
1314 2393 1464 2468 gloriatur.
1479 2393 1562 2453 onius

425 2493 566 2553 uersutias
602 2493 710 2553 Paulus
754 2493 902 2567 apostolus
941 2495 983 2552 sio
1014 2492 1159 2568 intellegit
1194 2493 1308 2554 diesne:
1353 2511 1423 2554 nou
1466 2493 1562 2554 enim

389 2596 653 2670 uoignorsmus,
676 2595 786 2670 iuquit,
802 2595 967 2656 astutiss
989 2597 1079 2655 eins.
1103 2595 1179 2656 male
1203 2596 1301 2670 itaquo
1323 2595 1355 2656 in
1370 2597 1424 2657 bae
1439 2597 1560 2672 partiei-

423 2697 538 2770 patione
549 2699 645 2771 menti
657 2700 726 2757 sunt
736 2699 787 2772 qui
797 2699 835 2758 ad
845 2697 924 2756 bella
938 2697 1105 2770 paoldoante
1119 2698 1233 2759 diabolo
1248 2699 1444 2772 perducuntur
1459 2701 1490 2757 et
1503 2713 1561 2756 non

425 2798 497 2857 bene
511 2799 543 2858 in
557 2800 712 2860 sanctitate
727 2799 898 2874 proficiunt,
921 2800 1026 2874 quibus
1049 2799 1086 2858 sd
1101 2800 1305 2860 detrimentum
1327 2799 1476 2874 proieotne
1497 2799 1560 2873 ipse

424 2899 533 2960 inimioi
547 2900 671 2962 artifieio
686 2901 875 2974 subornetur,
904 2919 956 2962 nee
983 2903 1059 2962 reolo
1086 2918 1171 2961 eursu
1194 2899 1353 2961 moliuntur
1367 2900 1559 2962 eontineutiee

423 2999 519 3061 scalas
534 3003 698 3075 ascendere,
721 3021 793 3077 quos
807 3007 841 3063 ut
864 3003 900 3062 de
921 3003 981 3063 alto
996 3003 1167 3078 praecipitet
1181 3001 1309 3062 elaborat
1325 3003 1363 3061 ad
1377 3002 1490 3063 eulmen
1505 3004 1558 3062 ad-

387 3102 571 3163 senersarine
586 3104 739 3177 protelare.
760 3106 813 3165 eed
838 3121 954 3165 nemeae
979 3109 1025 3164 est
1050 3105 1165 3166 oaduois
1193 3103 1324 3178 lapsibus
1347 3104 1494 3164 elidentur
1508 3106 1559 3181 qui

425 3205 501 3263 uiam
515 3205 655 3264 lubricam
670 3208 833 3277 tenuerunt,
861 3206 896 3266 de
912 3224 969 3279 quo
991 3205 1123 3265 Salomon
1140 3207 1182 3264 sio
1198 3205 1345 3278 praeditat
1362 3205 1474 3265 dicens:
1499 3212 1560 3266 est

494 3455 651 3512 1911001.
670 3457 696 3519 2,
716 3457 758 3510 11.
862 3455 897 3510 26
916 3457 994 3510 Pron.
1014 3457 1055 3521 14,
1074 3458 1114 3511 12.

493 3696 669 3750 trolarnreo
831 3697 979 3752 oonoitatos
991 3714 1027 3752 aa
1039 3698 1108 3753 sitos
1124 3698 1222 3754 ΟΜ
1379 3699 1475 3770 bipeie
1491 3700 1527 3757 0·

421 3781 691 3838 dutsnbtrsotiso
874 3782 1258 3850 letGe.l.m.2‚om.o
1439 3785 1561 3841 boeeul·

424 3871 500 3924 teto
586 3867 670 3922 wmel
691 3867 721 3934 0,
740 3868 824 3923 simul
842 3885 874 3931 u;
891 3870 956 3937 item
973 3871 1036 3924 tid
1124 3869 1159 3924 10
1175 3871 1280 3940 peritus
1299 3887 1335 3926 em
1353 3870 1529 3939 periturusO

424 3953 558 4023 lsqueisui
582 3953 650 4010 Oui
667 3968 688 4007 e.
708 3953 725 4006 l.
743 3956 816 4007 Μ
935 3953 1035 4022 alligat
1058 3954 1090 4009 θ’
1214 3955 1249 4008 11
1265 3953 1408 4009 insolubili
1429 3955 1459 4018 0,
1476 3954 1561 4009 indis·

424 4039 571 4095 solubilis
674 4038 796 4095 deuictos
817 4039 840 4095 0
942 4039 995 4095 dno
1018 4040 1052 4097 0¹
1156 4041 1190 4096 13
1207 4039 1355 4096 suooendlt.
1374 4041 1485 4096 Insania
1505 4043 1529 4098 0

423 4127 453 4180 in
470 4142 521 4181 om.
538 4141 556 4179 o
694 4126 729 4180 lb
746 4125 775 4180 in
793 4140 910 4180 amorem
933 4125 957 4181 0
971 4127 1000 4180 in
1017 4143 1081 4196 exp.
1097 4143 1133 4182 nu
1150 4130 1170 4182 2
1302 4127 1336 4182 16
1353 4126 1510 4182 subinducit
1531 4127 1561 4192 O,

424 4211 479 4266 sibi
496 4209 637 4267 inducito
757 4212 793 4265 21
810 4214 876 4266 sunt
892 4227 927 4266 ex
944 4227 1036 4267 sumne
1058 4211 1167 4268 Osset
1287 4213 1323 4268 22
1340 4213 1529 4283 prouentusG

422 4296 459 4352 llll
475 4300 548 4352 noeto
564 4313 601 4353 ex
617 4300 690 4352 retro
712 4297 785 4354 Gna
804 4301 825 4352 2
911 4313 1017 4353 aureum
1036 4297 1196 4354 molliuntur
1216 4298 1251 4355 0¹
1345 4299 1381 4353 24
1398 4298 1472 4354 scale
1493 4298 1526 4355 0·

423 4383 544 4439 elaboret
565 4383 599 4442 0·

1282 4476 1355 4536 13·
