4012 5056
404 435 490 488 cvm
806 415 953 473 caecilii
970 415 1132 488 Cypriani

403 573 461 638 est
482 571 553 638 illic
572 590 644 638 cum
665 573 736 655 post
755 572 816 638 iter
834 571 966 658 longum
980 570 1079 638 nimio
1094 574 1205 640 sudore
1219 573 1401 640 madidatus
1416 571 1538 640 sederet

403 673 516 761 (sedile
531 675 636 742 autom
652 677 721 742 erat
734 673 865 741 fortuito
879 673 977 741 linteo
992 675 1122 756 tectum,
1140 679 1177 743 ut
1188 677 1221 744 st
1230 677 1289 745 sub
1301 677 1367 743 ictu
1382 674 1536 762 passionis

403 777 597 861 episcopatus
615 771 736 844 'honore
761 776 939 864 frueretur),
966 779 1095 861 quidam
1123 799 1158 847 ax
1180 777 1355 847 tesserariis
1381 779 1538 864 quondam

403 877 600 944 Ohnstianus
623 897 671 944 res
695 898 768 946 suas
791 881 919 961 obtulit,
947 882 1038 965 qnasi
1057 882 1157 949 uellet
1175 883 1232 948 ille
1252 882 1453 948 uestimentis
1472 879 1539 946 suis

402 980 543 1048 humidis
562 981 693 1047 sicciora
712 984 866 1048 mutare:-
877 981 1027 1063 uidslicet
1046 984 1127 1050 nihil
1146 985 1233 1050 aliud
1253 983 1288 1060 in
1307 985 1400 1051 rebus
1421 983 1560 1050 oblatiss

403 1082 573 1168 ambiebat,
595 1103 690 1168 quam
705 1086 742 1150 ut
756 1083 979 1166 proficiscentis
994 1085 1035 1152 ad
1049 1085 1152 1151 Deum
1167 1085 1316 1170 martyris
1332 1085 1461 1152 sudores
1474 1085 1539 1150 iam

403 1186 590 1271 sanguineos
610 1185 791 1270 possiderat.
814 1187 864 1252 cui
885 1187 942 1253 ille
961 1186 1121 1271 rospondit
1135 1189 1169 1254 et
1183 1188 1283 1253 dixit:
1300 1181 1466 1254 ‘medellas
1480 1185 1538 1251 ad·

402 1287 548 1353 hibemus
563 1289 707 1371 querelis,
724 1307 804 1373 quae
817 1288 911 1354 lrodie
924 1287 1057 1355 forsitan
1071 1307 1133 1355 non
1147 1278 1258 1356 crunt'.
1279 1291 1407 1369 mirum,
1422 1289 1450 1355 si
1466 1307 1539 1354 con·

402 1389 534 1473 tempsit
547 1390 689 1457 laborem
705 1409 838 1474 corpore,
854 1391 909 1474 qui
923 1394 1058 1482 mortem
1073 1394 1178 1458 ments
1193 1379 1444 1476 contempserat?
1462 1392 1539 1475 quid

402 1491 516 1572 plura?
542 1492 647 1558 subito
671 1493 849 1574 proconsuli
872 1493 1038 1559 nuntiatus
1062 1495 1120 1560 est.
1146 1495 1329 1577 producitur
1353 1493 1539 1559 admonetur
1549 1510 1575 1551 ιι

403 1590 614 1678 interrogatur
628 1595 667 1660 de
679 1611 736 1659 suo
749 1595 891 1660 nomine:
906 1613 940 1661 se
955 1613 1023 1662 esse
1033 1595 1201 1679 respondit
1218 1598 1251 1662 et
1264 1597 1416 1663 hactenus
1430 1596 1536 1662 uerba

354 1702 392 1765 17
445 1694 540 1778 Legit
565 1695 671 1777 itaqua
697 1693 735 1761 ds
760 1694 870 1760 tabula
895 1696 961 1761 mm
986 1697 1175 1762 sententiam
1200 1695 1294 1761 iudex
1319 1715 1416 1779 quam
1441 1713 1541 1779 nuper

403 1796 437 1860 in
451 1796 571 1861 cisione
592 1813 652 1862 non
673 1795 803 1880 legerat,
826 1797 1015 1862 sententiam
1036 1797 1209 1880 spiritalem
1225 1815 1286 1863 non
1301 1800 1419 1863 temere
1431 1797 1539 1862 dicen-

404 1899 487 1978 dam,
510 1897 698 1964 seutentiam
721 1899 864 1983 episcopo
887 1898 947 1966 tali
962 1899 994 1965 ct
1008 1899 1069 1966 tali
1091 1901 1172 1966 teste
1193 1900 1391 1985 condignam,
1414 1899 1539 1964 senten·

403 2001 483 2066 tiam
511 2001 688 2086 gloriosam,
715 2001 749 2066 in
770 2020 833 2083 qna
858 2001 962 2067 dictus
988 2004 1036 2068 est
1058 2005 1160 2068 sectae
1186 2001 1317 2087 signifer
1339 2004 1371 2067 et
1393 2000 1575 2066 inimicata·

404 2101 542 2180 deorum,
566 2104 597 2167 et
617 2101 672 2186 qui
692 2103 759 2168 suis
779 2102 905 2168 iuturus
926 2105 1007 2169 asset
1028 2101 1095 2185 ipss
1115 2103 1300 2169 documento
1319 2105 1352 2168 et
1366 2103 1448 2187 quod
1469 2122 1541 2169 san·
1635 2133 1637 2138 ·

403 2205 499 2288 guina
512 2204 580 2270 eius
592 2203 744 2286 inciperet
759 2203 926 2288 disciplina
941 2205 1065 2270 sanciri.
1079 2205 1161 2270 nihil
1170 2205 1229 2270 hac
1240 2205 1395 2270 sententia
1405 2205 1539 2288 plenius,

403 2304 484 2370 nihil
505 2305 619 2370 uanus.
641 2305 747 2371 omnia
761 2306 876 2388 quippe
891 2324 970 2388 qnae
985 2306 1072 2372 dicta
1087 2309 1171 2386 sunt,
1191 2307 1267 2373 licet
1282 2326 1301 2372 a
1315 2307 1428 2392 gentili
1443 2307 1539 2386 dicta,

403 2406 511 2472 diuina
525 2409 608 2472 sunt.
625 2426 682 2472 nec
696 2409 813 2473 mirum
828 2408 937 2489 utiquc
953 2426 1025 2472 cum
1041 2406 1161 2473 soleant
1172 2407 1209 2472 de
1220 2409 1362 2491 passione
1374 2407 1540 2491 pontifices

402 2508 597 2592 prophetare.
614 2508 745 2594 signifer
758 2508 871 2590 iuerat,
887 2509 942 2592 qui
957 2509 996 2574 de
1010 2507 1135 2576 ferendo
1150 2509 1240 2596 signo
1255 2509 1373 2576 Christi
1387 2508 1534 2575 docebat:
1544 2523 1572 2566 ιι
1630 2541 1633 2546 -

402 2609 550 2677 inimicum
577 2613 715 2690 deorum,
742 2612 796 2694 qui
820 2611 906 2678 idola
932 2611 1119 2678 destruenda
1143 2612 1326 2676 mandabat:
1353 2611 1537 2676 documento

403 2714 511 2777 autam
532 2712 598 2777 suis
619 2712 691 2794 fuit,
715 2713 769 2797 qui
791 2713 904 2778 multis
925 2713 995 2796 pari
1017 2730 1127 2798 genere
1147 2712 1300 2778 secuturis
1319 2713 1404 2796 prior
1418 2711 1451 2777 in
1466 2729 1538 2795 pro·

402 2813 506 2880 uincla
531 2815 676 2898 martyrii
700 2816 858 2898 primitias
885 2816 1053 2882 dedicauit.
1080 2816 1194 2882 sanciri
1220 2817 1317 2881 etiam
1342 2816 1444 2898 coepit
1470 2815 1537 2880 aius

402 2915 553 3000 sangnine
568 2916 735 3000 disciplina
745 2917 800 2983 ssd
811 2917 997 3000 martyrum,
1014 2916 1068 2999 qui
1079 2918 1239 2994 ,doctorem
1254 2935 1348 2983 suum
1358 2917 1538 2982 imitatione

401 3017 520 3103 glorias
540 3017 713 3083 consimilis
733 3018 884 3084 aemulati
902 3018 965 3101 ipsi
985 3036 1107 3101 quoque
1121 3017 1319 3100 disciplinam
1335 3017 1469 3100 exempli
1484 3017 1568 3083 suia

400 3119 525 3202 proprio
541 3137 649 3186 cruore
662 3124 840 3187 sannarum.

353 3229 392 3293 la
447 3221 588 3287 Etcum
616 3223 714 3288 exiret
742 3222 890 3307 praetorii
915 3222 1006 3302 fores,
1037 3222 1105 3288 ibat
1129 3239 1232 3288 comes
1258 3221 1400 3287 militum
1426 3222 1534 3287 turba:

401 3323 434 3388 et
446 3340 485 3388 ne
500 3323 576 3404 qnid
590 3323 624 3388 in
638 3324 781 3406 passione
801 3324 932 3403 deesset,
953 3324 1149 3391 centuriones
1163 3325 1196 3390 et
1209 3324 1331 3390 tribuni
1351 3325 1437 3390 latus
1451 3325 1538 3390 texa-

400 3425 482 3490 rant
503 3425 570 3507 ipse
584 3427 690 3492 autem
704 3427 792 3493 locus
807 3426 959 3493 nonnullis
975 3429 1032 3506 est,
1055 3427 1110 3492 ubi
1122 3426 1190 3510 pati
1206 3426 1351 3512 contigit,
1367 3428 1404 3491 ut
1418 3425 1538 3491 arbori·

453 3645 597 3700 literoot
610 3664 640 3715 μ,
651 3645 759 3701 interae
844 3645 967 3715 2sedile]
980 3645 1123 3701 sodillew
1208 3645 1505 3716 thonore]hcrroreeo

400 3731 523 3786 tamus
533 3746 567 3798 ao,
582 3731 724 3787 thessariia
736 3752 756 3803 μ
767 3731 817 3787 aad
828 3731 896 3787 ariis
907 3747 969 3802 casp.
983 3731 1057 3787 auris
1069 3735 1135 3788 Μ
1202 3730 1352 3802 quodamso
1420 3729 1538 3801 dqnasi]

400 3831 516 3886 quemue
584 3817 733 3872 dmutarst
743 3818 838 3871 malim
902 3818 950 3886 qui
961 3816 1088 3871 uidelicet
1099 3833 1123 3882 o,
1138 3819 1207 3870 uteo
1275 3815 1345 3884 dut]
1359 3815 1411 3869 sio
1473 3815 1538 3886 iam]

401 3901 460 3972 lup
529 3901 974 3973 eoenmmpmuoompsxmtp
1044 3899 1360 3971 marsumaticum,
1372 3899 1503 3969 salciep*

402 3985 436 4040 11
447 3985 629 4058 interrogatus
641 4007 662 4056 μ
731 3987 766 4042 18
777 3990 873 4044 suumn
884 3973 1041 4058 spinione
1104 3987 1343 4056 1leonsignamu
1406 3984 1540 4040 liceatne

402 4087 498 4142 aucep
594 4073 628 4126 16
639 4075 668 4127 et
679 4071 737 4143 qul]
751 4074 835 4142 quiec
930 4073 1066 4142 stoupp
1159 4068 1505 4140 nicomediensium

402 4156 574 4231 18dnctap¹
700 4159 833 4215 doetiam
844 4158 1005 4229 prophetare
1017 4173 1062 4228 cop
1183 4157 1307 4226 etqnlao
1434 4155 1469 4210 21
1481 4154 1539 4225 qui]

402 4243 506 4316 quodp
609 4243 885 4314 aaudumdadp
987 4241 1373 4313 tocumsirniliscrnulantip
1465 4239 1541 4296 idae

403 4333 593 4400 camerantp¹
696 4327 1501 4401 aeoenmnlsooapsi,quiua11nw‚quslisp,mutuno
