4000 5066
437 397 502 464 254
909 391 1095 462 Appendix.

436 554 609 628 egyptiorum,
632 557 662 613 et
686 570 745 615 non
765 553 920 613 secundum
939 557 1056 628 epactas
1076 555 1200 625 lunares,
1216 572 1272 616 non
1287 557 1438 629 potuerunt
1453 571 1564 616 errasse

437 657 467 714 et
493 655 555 715 ideo
582 656 693 729 quando
718 654 842 730 prImum
867 653 898 712 in
920 654 1055 734 Aegypto
1082 655 1174 729 pridie
1201 655 1239 716 id.
1255 657 1325 730 Apr.
1353 657 1477 718 secema
1492 656 1565 716 ieris

438 758 527 816 XIIII
540 757 609 817 luna
634 756 855 817 tmmclaueront
873 757 995 829 Pascha,
1022 757 1156 832 suppleto
1170 758 1261 832 primo
1288 775 1361 818 anno
1388 775 1487 818 eorum
1508 775 1566 818 non

436 863 590 934 potuerunt
614 859 706 933 pridie
721 858 761 917 id.
777 858 848 933 hpr.
875 856 1020 920 celebrare
1035 859 1158 934 Pascha,
1175 861 1317 946 uquoniam
1332 877 1388 920 non
1402 859 1491 919 XIIII
1513 860 1564 920 sed

438 962 517 1021 XXV
532 963 649 1022 inuenta
662 963 708 1021 cst
722 960 759 1021 ab
774 961 816 1021 eis
829 960 909 1021 lune
932 960 1029 1035 itaque
1056 963 1226 1035 quaerentes
1241 963 1328 1022 XIIII
1341 979 1457 1024 necesse
1472 963 1586 1024 habe-a

437 1067 508 1124 bunt
534 1063 668 1124 immissis
682 1062 780 1122 XVIII
795 1062 898 1122 diebus
923 1061 1017 1136 pridie
1031 1063 1071 1122 kl.
1088 1063 1179 1123 Maius
1205 1064 1333 1123 inuenIre
1347 1063 1435 1122 XIIII
1455 1063 1564 1124 lunam.

435 1167 486 1226 sed
502 1183 538 1226 ue
553 1165 676 1226 secundo
702 1181 800 1224 mense
820 1164 981 1238 luciperent
1007 1181 1093 1239 agere
1109 1166 1221 1225 Pascha
1234 1169 1264 1224 et
1278 1183 1335 1227 non
1349 1164 1440 1240 primo
1454 1183 1562 1239 mense,

435 1269 485 1342 qui
500 1272 546 1328 eet
560 1285 578 1326 a
591 1267 658 1326 XVI
672 1266 712 1326 lrl.
736 1266 835 1342 April.
858 1284 952 1342 caque
973 1267 1009 1324 ia
1030 1267 1128 1326 XVII
1140 1268 1181 1328 kl.
1196 1268 1299 1342 Malas,
1320 1269 1354 1328 de
1369 1267 1447 1327 XXV
1462 1267 1564 1328 diebus

433 1370 519 1430 lunae
546 1373 702 1430 retrorsum
726 1373 924 1442 computantes
939 1369 969 1428 id
985 1371 1031 1428 est
1045 1369 1086 1428 XI
1101 1369 1163 1430 dies
1183 1369 1274 1444 ipsine
1289 1370 1372 1429 lunae
1387 1369 1562 1430 deducentes

434 1473 606 1532 inuenerunt
621 1471 708 1530 XIIII
722 1472 791 1530 luna
804 1475 833 1532 et
845 1479 927 1531 senta
938 1471 1021 1544 ferie,
1036 1471 1078 1530 kl.
1095 1473 1177 1545 ripn,
1194 1472 1243 1545 qui
1259 1471 1315 1530 luit
1330 1488 1421 1530 annus
1436 1489 1561 1532 commu·
1572 1491 1597 1531 ιο

434 1573 482 1633 nis
496 1577 527 1632 et
550 1574 669 1647 prionua.
692 1573 815 1633 secando
842 1589 916 1632 anno
940 1573 1010 1631 item
1025 1575 1164 1632 communi
1179 1573 1235 1632 XII
1250 1574 1308 1632 hal.
1323 1575 1395 1647 Apr.
1411 1573 1459 1632 III
1473 1573 1563 1634 ferlo:

432 1675 520 1736 tertio
546 1679 641 1736 autem
668 1693 742 1735 anne
768 1693 825 1736 non
851 1678 1009 1736 retrorsum
1031 1677 1236 1750 computantes,
1263 1692 1299 1734 ne
1313 1675 1481 1736 excederent
1496 1675 1564 1735 XVI

433 1777 490 1837 hul.
506 1780 588 1850 Apa,
610 1777 659 1851 qni
674 1779 720 1836 est
740 1777 802 1836 dies
816 1777 927 1850 primus
942 1777 1049 1837 mensis
1062 1777 1159 1852 primI,
1180 1782 1210 1837 et
1224 1778 1254 1836 iu
1269 1793 1393 1837 mensem
1408 1778 1465 1836 XII
1479 1795 1563 1852 prae·

433 1878 511 1938 teriti
528 1878 596 1936 anni
620 1877 788 1950 inciderent,
815 1877 1165 1950 disrumperemus:
1187 1879 1235 1937 hic
1250 1878 1326 1935 enlm
1341 1878 1397 1937 fult
1412 1895 1515 1951 annus,
1532 1879 1564 1938 in

433 1997 489 2052 quo
505 1997 561 2039 nen
575 1978 651 2052 XIX,
677 1979 728 2038 sed
744 1980 864 2038 deducto
879 1995 936 2037 une
951 1979 1050 2037 XVIII
1076 1979 1137 2040 dies
1152 1995 1200 2038 ecs
1221 1979 1375 2039 immittere
1402 1982 1562 2054 opertebat.
1574 2002 1598 2042 rs

432 2083 498 2156 quis
525 2085 621 2142 autem
634 2081 682 2140 hic
697 2099 770 2141 unns
785 2080 820 2141 de
837 2081 951 2140 XVIIII
966 2081 1015 2155 qui
1031 2081 1180 2141 deducitur
1201 2082 1271 2156 dies,
1299 2083 1423 2142 dicemus
1444 2099 1496 2156 per
1510 2081 1565 2143 Dei

431 2184 565 2256 gratiam.
598 2184 689 2256 prImo
717 2184 792 2243 enim
818 2187 963 2256 ternpore,
990 2185 1103 2257 quando
1129 2184 1159 2241 in
1184 2183 1316 2258 Aegypto
1341 2185 1494 2244 obseruata
1519 2187 1566 2244 est

432 2287 553 2358 Pascha,
580 2285 637 2346 fult
661 2287 725 2359 ipso
748 2302 822 2346 anno
844 2283 972 2344 debiturn
994 2287 1172 2358 quadrans:
1201 2289 1302 2360 prtem
1323 2303 1404 2342 euno
1426 2292 1564 2360 sequente

428 2385 551 2462 sactum
573 2391 617 2444 cst
638 2385 745 2445 cernis:
768 2387 892 2446 secundo
908 2402 983 2444 anno
998 2386 1108 2446 adiecto
1124 2387 1230 2446 Iactum
1245 2389 1290 2446 est
1310 2387 1450 2445 dodrans:
1478 2385 1563 2444 tertio

432 2493 527 2548 autem
554 2505 628 2547 anno
654 2489 761 2548 Iactum
787 2491 833 2547 est
854 2505 904 2546 as:
926 2487 1032 2546 tertius
1059 2487 1148 2562 igitur
1172 2505 1263 2548 annuus
1278 2487 1307 2546 ln
1323 2488 1432 2562 pinace,
1458 2488 1489 2545 in
1504 2503 1596 2559 quera

429 2591 511 2650 modo
538 2589 682 2649 bissextus
707 2593 737 2649 et
762 2589 947 2649 embolismus
962 2588 1118 2648 inuenitur.
1142 2589 1172 2648 iu
1186 2606 1241 2664 quo
1259 2606 1334 2649 anno
1348 2589 1461 2648 Pascha
1476 2588 1563 2646 XIIII

429 2692 499 2751 luna
513 2692 554 2752 VI
570 2691 609 2750 ld.
626 2693 696 2765 Apr.
713 2693 743 2750 et
757 2691 788 2749 II
802 2691 876 2752 foria
891 2691 982 2752 fuisse
1003 2692 1179 2751 ostenditur:
1203 2695 1302 2765 quarto
1323 2707 1396 2749 anno
1419 2689 1560 2750 communi

431 2793 459 2852 V
473 2794 530 2852 lral.
547 2792 641 2866 April.
657 2793 731 2851 feria
745 2793 802 2852 VI:
826 2795 894 2852 Item
922 2793 1022 2867 quinto
1038 2809 1111 2852 auno
1133 2793 1273 2854 communi
1295 2792 1382 2850 XIIII
1409 2793 1478 2851 luna
1492 2790 1560 2850 XVI

497 3077 512 3129 1
531 3091 619 3130 errare
637 3091 668 3130 co
770 3077 788 3128 2
806 3075 866 3128 idus
884 3089 940 3140 apr.
960 3075 985 3138 b,
1003 3073 1097 3126 iduum
1115 3073 1272 3141 apriliarmn
1290 3089 1320 3129 co
1430 3073 1447 3126 3
1464 3089 1556 3127 eorum

427 3162 452 3224 b,
469 3162 568 3214 iberum
587 3175 618 3215 ca
753 3163 771 3213 4
789 3159 875 3227 pridie
894 3158 954 3211 idua
973 3159 998 3222 b,
1017 3157 1044 3210 II
1064 3157 1099 3210 id.
1119 3174 1149 3211 ce
1279 3159 1418 3226 qnoniam]
1437 3175 1490 3228 quc
1509 3175 1524 3212 c

427 3245 511 3299 XIIII
529 3245 630 3300 decima
648 3245 664 3299 b
750 3245 768 3298 5
784 3244 819 3298 ab
839 3245 877 3298 cis
895 3244 1007 3297 inuenta
1026 3245 1068 3296 est
1086 3259 1117 3298 cc
1198 3242 1299 3310 ltaque]
1318 3243 1358 3296 ita
1376 3259 1390 3298 c
1473 3243 1558 3298 XIIII

304 3357 319 3383 ο
427 3330 591 3386 dealmamb
701 3329 865 3384 himmissis
883 3344 968 3383 orm
1077 3327 1169 3382 XVIII
1186 3344 1208 3392 c,
1228 3327 1368 3383 XVlIlIb
1470 3327 1559 3398 pridIe

428 3415 467 3469 Irl.
491 3415 576 3468 maiae
593 3414 617 3478 b,
641 3414 694 3468 III.
712 3415 766 3469 hal.
791 3413 857 3468 maii
875 3431 898 3478 c,
921 3413 959 3466 11.
979 3411 1016 3465 hl.
1041 3413 1141 3468 maiia
1319 3412 1412 3468 lunam
1437 3415 1523 3468 crab

426 3502 492 3555 Iet
513 3499 723 3554 non...diebus
746 3499 826 3554 lunae
853 3516 905 3555 ora.
926 3516 955 3563 c;
983 3499 1080 3554 addito
1109 3515 1163 3554 non
1188 3503 1339 3554 antrorsum
1361 3500 1407 3554 sed
1430 3500 1559 3554 lamnam

425 3587 535 3655 supplet
548 3585 584 3640 W
652 3585 755 3657 8XVI]
766 3586 863 3641 xmo
938 3585 1016 3655 april
1030 3586 1154 3655 usquein
1166 3585 1292 3640 XVIIIrl.
1305 3601 1356 3639 orn.
1369 3586 1394 3648 b,
1407 3585 1471 3640 odd.
1487 3585 1528 3640 W

424 3670 505 3727 9sed
523 3673 701 3727 retrorsnmc
770 3671 804 3726 10
820 3671 909 3726 XIIII
927 3671 1017 3726 decb
1087 3671 1154 3740 Ipsis
1171 3671 1244 3725 lrl.b
1313 3669 1522 3741 11x111xlb

424 3757 458 3810 12
475 3757 558 3811 tertio
582 3760 672 3811 autem
695 3771 766 3811 anno
789 3758 817 3810 in
841 3758 935 3827 pinace
954 3757 982 3810 in
1006 3773 1058 3826 quo
1075 3757 1223 3811 bissextum
1241 3758 1269 3810 et
1290 3755 1463 3810 embolismus
1481 3755 1556 3810 inne-

422 3841 498 3896 nitur
510 3849 559 3897 cic.
577 3843 683 3897 omissis
700 3843 804 3912 aliqum
823 3841 949 3898 cersidros
965 3841 1137 3896 iatmnediie
1155 3858 1170 3897 c
1260 3840 1294 3894 13
1310 3849 1400 3894 mense
1418 3839 1479 3896 XII
1499 3839 1556 3897 dec.

423 3927 565 3996 praeteriti
582 3928 646 3981 anni
664 3926 831 3983 lncidcratb
937 3927 971 3982 lb
987 3925 1063 3996 XIX]
1082 3942 1153 3980 none
1169 3923 1222 3980 Xh
1325 3924 1431 3995 XVIII]
1449 3926 1556 3982 XVIIII

425 4013 521 4068 octob
624 4013 657 4068 16
676 4011 708 4066 dc
725 4011 834 4067 XVIIII
852 4011 909 4082 qui]
923 4011 1029 4066 XVIIII
1041 4027 1110 4067 noue
1122 4011 1214 4082 quidb
1318 4011 1352 4065 18
1364 4011 1551 4081 quadrans...

423 4098 504 4153 semis
522 4113 573 4154 om.
590 4099 615 4164 b,
633 4097 699 4153 edd.
722 4098 760 4154 W
871 4098 906 4153 19
922 4097 1038 4154 dodrans
1054 4098 1137 4154 tertio
1157 4099 1202 4164 W,
1221 4098 1350 4168 quartob
1461 4098 1497 4152 20
1514 4099 1556 4153 est

422 4184 543 4252 igimrb
623 4185 751 4252 pinaxeb
837 4185 871 4239 21
890 4184 969 4239 modo
988 4199 1074 4240 οπο
1159 4183 1338 4238 bissextumc
1418 4183 1453 4238 22
1471 4183 1555 4240 luisse

422 4284 506 4324 ωηο
609 4267 928 4326 23Xlllllunaom.h
