4016 5054
457 411 521 472 210
928 406 1113 478 Appendix.

456 567 526 623 ennt
540 564 570 623 et
584 563 707 638 detento,
722 554 794 639 q'noe
819 564 927 626 Penius
941 565 1087 640 epoetolnn
1111 563 1170 624 inm
1194 565 1265 624 tuno
1278 561 1459 638 prnonidornt
1473 563 1589 622 dioene:

455 664 679 737 quorundam
708 665 888 727 hominnm
909 668 1066 742 petente
1085 663 1289 726 meniioete
1323 666 1408 724 nunt
1442 679 1589 738 preeoe·

456 766 584 828 dontio
604 768 646 828 ed
672 767 867 841 indicium,
894 769 1065 844 qnondam
1095 770 1216 828 entem
1238 767 1276 825 et
1299 765 1588 839 subsequuntur.

455 869 637 930 similitor
675 873 792 931 entem
831 873 869 931 ot
908 871 1009 932 teoto
1048 872 1144 930 bono
1182 868 1382 929 meniiontn
1408 870 1514 938 eunt,
1553 869 1590 926 ot

455 987 703 1046 quoecumque
730 971 843 1032 alitor
872 989 909 1034 eo
935 972 1076 1033 hebent
1104 970 1289 1031 ebnoondi
1323 986 1392 1030 non
1421 973 1610 1044 possuntt

375 1141 376 1145 Ἰ
405 1069 448 1128 34
498 1071 541 1132 At
556 1075 656 1133 oontre
669 1077 699 1134 et
713 1073 771 1148 ipni
785 1074 900 1135 dieunt:
919 1063 1062 1134 ‘nonnulli
1077 1074 1113 1133 do
1128 1071 1371 1146 contemptoribus
1384 1070 1493 1131 nostrie
1507 1069 1588 1131 eimi-

456 1174 526 1235 liter
540 1175 663 1236 iominne
676 1175 815 1236 hebentes
829 1176 860 1236 in
880 1174 1010 1236 domibus
1032 1175 1201 1250 martyrium
1223 1175 1368 1234 ooneeonti
1382 1175 1465 1244 eunt,
1496 1175 1530 1233 nt
1544 1173 1589 1232 in-

456 1293 563 1338 nooone
577 1277 655 1337 inter
668 1277 735 1338 illoo
749 1277 923 1338 ooneoiontie
936 1265 1125 1352 proborotnr’.
1141 1277 1208 1337 nolo
1223 1275 1297 1334 mihi
1311 1277 1346 1336 de
1360 1274 1500 1350 martyrio
1512 1275 1589 1350 quie

456 1395 542 1453 quem
571 1383 685 1439 moueat
705 1380 861 1452 notionem,
891 1379 959 1453 quin
988 1379 1104 1454 oeepine
1127 1382 1158 1439 et
1187 1377 1298 1439 moeohi
1314 1381 1344 1438 ot
1358 1376 1537 1451 sanguinarii
1560 1378 1590 1436 et

455 1480 563 1541 ebriosi
578 1483 608 1541 et
622 1481 748 1541 omnium
763 1481 901 1541 scelernm
914 1481 958 1541 rei
972 1482 1088 1556 reperto
1099 1479 1285 1556 pugnationie
1299 1479 1446 1540 oooneione
1457 1478 1588 1539 oonnorei
1597 1496 1624 1536 ro

456 1586 623 1642 moruerunt
648 1583 685 1642 ed
708 1583 838 1659 martyrii
854 1583 965 1644 neniam
980 1583 1142 1656 peruenire.
1168 1583 1232 1642 ideo
1253 1583 1329 1643 onim
1351 1583 1519 1656 martyrium
1534 1598 1587 1655 ep·

456 1684 583 1756 pelletur
597 1686 657 1743 tem
671 1700 776 1744 ooronn
789 1701 874 1758 quem
888 1685 1042 1758 baptismo,
1066 1683 1135 1758 qnia
1150 1683 1280 1759 baptizet
1292 1683 1402 1758 pariter
1417 1686 1447 1742 ot
1461 1685 1586 1743 coronet.

455 1801 509 1860 ege
531 1801 617 1857 nuno,
638 1785 665 1844 ei
690 1785 773 1845 lionit
787 1785 957 1859 quibusdem
983 1784 1125 1845 inniointe
1139 1784 1309 1844 feminarum
1324 1781 1461 1844 eooietete
1475 1787 1588 1858 mnrty-

456 1885 532 1946 rium
545 1887 711 1960 promereri,
727 1887 789 1946 eino
808 1884 988 1960 indulgentie
1009 1885 1069 1945 illie
1090 1901 1203 1960 quoquo
1223 1884 1319 1958 ipsum
1341 1885 1508 1960 martyrium
1529 1901 1587 1944 non

393 1984 397 1999 '
456 1987 523 2060 init,
539 2003 610 2061 quoe
624 1989 723 2048 rentne
744 1988 906 2060 prohibitae
928 1986 1200 2048 oontnbomnlitetie
1221 2003 1279 2046 non
1302 1986 1436 2060 absoluit,
1464 2003 1517 2046 neo
1537 1987 1620 2044 in-rn

456 2091 593 2148 noeentee
609 2089 640 2148 in
655 2089 719 2162 ipsa
734 2089 898 2148 innoeentin
913 2088 1196 2162 poemenionem,
1217 2088 1321 2161 quibus
1336 2089 1529 2160 contemptum
1543 2089 1587 2147 le-

456 2191 503 2263 gio
518 2193 548 2250 et
563 2190 790 2250 oonnoroetionie
817 2190 936 2250 illioitee
962 2189 1130 2250 foeditatem
1151 2193 1181 2248 ot
1202 2191 1279 2262 qnod
1300 2192 1345 2248 eet
1359 2189 1476 2264 grauius
1502 2207 1588 2264 nuper

455 2290 551 2351 omnio
565 2291 673 2351 orimon
687 2291 824 2352 oooleeiee
840 2291 966 2350 oernitnr
980 2289 1136 2364 ignouisse.
1153 2290 1259 2350 etenim
1273 2291 1358 2350 noxie
1369 2294 1413 2350 eet
1425 2291 1588 2350 innoeentin

458 2409 532 2465 queo
545 2408 669 2466 eponeee
684 2391 793 2452 Christi
808 2391 898 2452 oflioit
912 2392 1015 2453 temno.
1044 2394 1075 2451 et
1099 2409 1165 2452 oum
1187 2391 1319 2452 christoe
1340 2409 1432 2466 agnus
1454 2391 1587 2452 innooone

455 2494 541 2554 immo
557 2495 618 2568 ipso
633 2494 766 2554 oeelootin
781 2493 952 2566 innoeente,
968 2495 1044 2568 quod
1056 2493 1221 2564 notuerint,
1236 2495 1329 2552 totum
1342 2509 1373 2553 oo
1383 2492 1622 2568 contempserit»

457 2611 509 2668 pro
524 2595 653 2666 eooloeie,
679 2598 713 2655 nt
738 2611 802 2655 enm
816 2595 878 2655 eino
894 2595 1007 2655 moonln
1033 2594 1093 2655 ulle
1114 2595 1162 2654 nol
1184 2611 1257 2670 ruge
1278 2595 1410 2653 redderet
1424 2595 1585 2667 inlibntnm

456 2695 551 2770 qualis
567 2697 612 2756 eet
627 2696 748 2757 olorinus
763 2697 809 2757 oui
823 2698 860 2757 ed
875 2697 929 2757 hoo
939 2713 1045 2771 sponse
1056 2695 1165 2756 Christi
1176 2695 1374 2770 oommittitur,
1389 2699 1423 2756 nt
1436 2713 1489 2771 pro
1500 2695 1586 2756 nnius
1669 2698 1672 2706 ’

455 2797 579 2858 femineo
595 2814 690 2858 emere
705 2797 815 2873 onlpnri
828 2801 920 2858 totam
935 2797 1085 2858 eooloeiem
1099 2799 1248 2873 potietur?
1265 2799 1357 2858 ausim
1371 2797 1480 2858 dicere:
1496 2797 1585 2857 oDoo

455 2901 539 2972 petre
555 2899 662 2958 misene
677 2903 723 2958 eet
738 2899 815 2958 filine
830 2901 865 2958 de
880 2899 946 2958 einn
959 2900 1053 2972 patrie
1070 2903 1099 2958 et
1114 2916 1202 2974 regno
1217 2899 1322 2958 obsone
1337 2916 1398 2958 esee
1414 2899 1537 2969 timuit,
1553 2902 1586 2957 nt

454 2999 607 3059 eooleeiem
621 2999 729 3060 ieooret
742 3001 937 3071 innocentem,
960 3004 990 3059 ot
1010 3001 1131 3061 oiorioue
1146 3001 1275 3060 mulieris
1290 3001 1367 3059 intus
1381 3000 1512 3060 deserere
1529 3015 1585 3058 non
1595 3014 1621 3057 re

454 3103 562 3174 potest,
577 3117 613 3160 ne
629 3100 738 3161 christi
754 3101 902 3162 eooleeiem
918 3103 1021 3162 reddet
1035 3101 1194 3161 infamem?

404 3215 444 3274 35
497 3203 553 3262 Sed
567 3203 664 3262 aiunt:
679 3191 722 3263 ‘in
736 3205 871 3280 martyrio
886 3204 1045 3278 ignoeoitur
1060 3205 1152 3276 nobie,
1174 3203 1251 3264 eiont
1265 3201 1407 3262 indultum
1422 3206 1467 3262 oet
1482 3219 1585 3277 poren-

454 3304 534 3364 tibue
549 3287 677 3364 noetrie'.
693 3304 747 3364 hoo
762 3322 830 3379 ergo
845 3307 875 3364 ot
889 3322 942 3364 noe
956 3321 1054 3364 omnoe
1070 3306 1105 3362 do
1121 3305 1248 3379 peoontie
1260 3303 1391 3365 omnibus
1402 3303 1585 3377 oonfldnmus,

522 3537 540 3590 2
557 3536 572 3590 1
589 3536 658 3591 Tim.
677 3537 703 3602 5,
720 3537 763 3592 24.

523 3762 539 3814 1
557 3761 576 3816 i.
595 3762 618 3816 t.
635 3760 791 3830 prouiderat
811 3759 842 3826 0,
859 3758 1030 3829 praemineret
1046 3760 1101 3814 iem
1119 3764 1219 3816 tnnoo
1316 3760 1334 3814 3
1351 3776 1400 3814 one
1418 3758 1583 3828 subsequun-

452 3846 498 3900 tnr
514 3863 533 3901 o
664 3846 679 3899 7
697 3846 824 3901 innooene
841 3845 992 3900 interillos
1014 3845 1043 3910 0,
1062 3845 1173 3899 illorum
1191 3845 1354 3901 innoeenso
1485 3844 1520 3897 10
1536 3858 1584 3913 pn·

451 3931 591 3998 guntionis
614 3931 643 3995 0,
662 3945 804 4000 pugnano
935 3931 968 3984 12
985 3931 1050 4000 quie
1067 3947 1103 3986 eo:
1121 3931 1209 4000 qniO
1359 3931 1393 3985 13
1409 3929 1551 3984 lionorito

451 4017 487 4070 14
503 4017 649 4087 promereri
669 4016 733 4072 Ori
750 4017 781 4070 tn
798 4031 854 4070 roe.
915 4031 1019 4084 qnoqom
1037 4015 1094 4070 illie
1112 4017 1274 4086 martyrium
1292 4014 1410 4084 ipenrno
1479 4015 1513 4068 15
1530 4028 1583 4068 non

455 4099 643 4157 Cotem
724 4099 1147 4157 liiiiioiteoOinroo.m2
1233 4098 1547 4154 lssfemeGoo'nrao.

451 4185 487 4239 20
503 4187 594 4242 nerine
616 4188 639 4244 0
655 4203 670 4242 o
686 4188 719 4242 iot
735 4203 792 4244 rao.
935 4187 971 4242 23
988 4187 1117 4242 eodemne
1133 4202 1150 4241 o
1293 4186 1329 4240 28
1345 4185 1444 4240 nostrin
1462 4200 1514 4240 om.
1532 4200 1549 4239 o

452 4271 577 4327 omnibus
599 4271 628 4338 0,
649 4271 749 4327 notris
767 4289 784 4328 o
