4016 5054
739 414 784 466 De
801 412 932 481 duplici
952 413 1118 480 martyrio
1136 427 1158 464 e.
1176 410 1288 464 21-24.
1514 412 1580 476 235

445 575 544 648 quitur
561 575 596 632 ds
611 588 679 632 uere
694 573 790 642 iustis,
813 571 864 629 red
879 573 915 629 ds
931 571 1045 628 iustitia
1061 569 1236 639 Phariaene,
1259 569 1493 642 quemadmodum
1508 568 1580 627 alibi

444 674 531 736 dieii:
555 692 625 735 nen
647 678 703 734 est
725 690 816 749 epus
838 674 940 733 sanis
963 675 1111 743 medies,
1142 671 1207 732 esd
1229 672 1321 731 male
1343 671 1580 731 habentibus.

443 783 474 836 at
489 795 545 836 non
560 781 643 837 eraut
656 777 717 836 sani
734 775 839 848 quibus
854 777 909 835 boe
924 777 1040 835 dicebat
1057 775 1203 846 Dominus,
1226 776 1276 833 sed
1289 773 1365 846 legis
1380 773 1580 847 qualicumque

443 877 643 939 obseruatione
658 877 759 938 tumidi
775 877 831 937 sibi
848 877 1019 936 uidebantur
1035 876 1098 936 sani
1113 879 1143 935 et
1157 876 1221 937 ideo
1236 891 1292 934 non
1304 874 1506 934 desiderabant
1520 893 1580 934 ms·

424 982 551 1042 sdieum.

487 1081 646 1142 Haeduum
672 1082 708 1142 ad
735 1082 953 1142 bune'babennt
979 1083 1109 1152 modum,
1140 1080 1300 1141 desiderate
1315 1079 1424 1150 irater,
1447 1081 1631 1140 nonemnr23

443 1185 571 1244 assiduis
587 1185 833 1246 exhortationibus
848 1184 975 1244 exaitare
990 1184 1118 1243 fidelium
1134 1185 1260 1256 animes,
1285 1186 1317 1242 ut
1340 1185 1402 1244 tota
1416 1185 1503 1242 etiam
1519 1182 1583 1242 nita

443 1285 613 1360 martyrium
629 1287 682 1346 hoe
697 1289 742 1346 est
756 1285 954 1346 testimonium
966 1287 1069 1344 reddat
1084 1287 1160 1346 Deo:
1187 1287 1262 1359 qnod
1284 1286 1355 1346 adeo
1377 1285 1580 1360 negligendum

445 1404 502 1447 uon
518 1391 573 1459 est,
589 1391 622 1446 nt
636 1387 693 1446 nisi
709 1405 743 1448 ea
757 1388 964 1462 praecesserit,
982 1390 1153 1463 martyrium
1169 1389 1245 1462 qued
1256 1387 1397 1462 sanguine
1412 1387 1581 1461 perhibetur

409 1507 501 1550 renen
517 1489 557 1548 sit
571 1491 749 1566 martyrium.
776 1489 887 1550 frustra
912 1491 988 1550 enim
1014 1491 1155 1552 ceruinam
1168 1490 1335 1565 praebueris
1362 1489 1498 1560 carnifici,
1525 1489 1581 1548 nisi

441 1593 523 1664 prius
538 1592 677 1652 oeeiderie
697 1593 823 1653 mambra
843 1595 1001 1666 quaesunt
1020 1609 1108 1666 super
1128 1597 1246 1664 terram,
1267 1593 1321 1651 boe
1336 1595 1382 1651 est
1396 1593 1515 1651 effeetus
1531 1591 1581 1664 qui

442 1692 571 1752 militant
583 1695 720 1754 aduersus
736 1695 885 1769 spiritum,
902 1695 998 1754 odium
1014 1694 1152 1755 inuidiam
1168 1695 1320 1754 ausritiam
1335 1693 1498 1754 libidinem:
1515 1693 1581 1766 qni·

442 1795 496 1854 bus
512 1797 682 1871 quicumque
698 1796 789 1855 seruit
804 1797 897 1856 Deum
919 1799 1126 1872 (quedammodo
1147 1796 1305 1872 abnegabit
1325 1799 1356 1855 et
1371 1795 1516 1854 Christum
1532 1811 1581 1854 ere

441 1898 579 1971 profitens
593 1899 656 1957 uita
670 1901 801 1959 satanam
817 1899 907 1960 Deum
923 1899 1084 1960 condietur.
1111 1915 1165 1958 naa
1180 1900 1228 1960 hie
1242 1917 1334 1958 sermo
1350 1900 1435 1958 debet
1447 1897 1580 1969 cuiquam

408 2019 432 2058 ιι
442 2000 536 2058 uideri
551 2001 666 2070 dunen,
692 2018 755 2058 cum
771 2001 811 2058 sit
827 2019 913 2060 uerax
929 2017 963 2060 aa
977 2001 1132 2060 salutaris:
1156 2001 1294 2075 quidquid
1309 2003 1393 2059 home
1408 2000 1504 2074 quiuis
1519 2001 1580 2058 Deo

443 2104 604 2176 anteponit,
634 2103 689 2162 sibi
706 2103 794 2162 Deum
812 2101 893 2176 iacit,
922 2121 974 2163 nse
988 2120 1142 2177 possumus
1167 2103 1278 2162 duobus
1304 2101 1412 2162 seruire
1438 2101 1576 2161 dominis:

442 2221 516 2263 unus
532 2203 607 2263 enim
623 2207 670 2263 est
684 2203 761 2264 Deus
778 2222 812 2264 ex
828 2209 888 2264 tete
904 2206 988 2264 eorde
1004 2222 1039 2263 sx
1054 2208 1117 2264 tota
1131 2205 1227 2263 anima
1248 2221 1282 2264 ex
1297 2205 1368 2262 tetis
1383 2203 1494 2262 uiribus
1510 2203 1578 2261 dili·

442 2306 563 2378 gendes.

487 2405 624 2480 Quisquis
639 2407 729 2480 igitur
744 2424 792 2466 ore
808 2407 897 2466 dieii:
914 2409 998 2468 erede
1014 2409 1044 2467 in
1060 2426 1149 2467 uuum
1163 2409 1264 2479 Deum,
1287 2411 1318 2467 et
1332 2407 1423 2466 seruit
1438 2407 1578 2466 auaritiae
1590 2412 1630 2472 24

405 2511 493 2568 aeaut
508 2507 623 2566 libidini
639 2513 689 2566 aut
703 2507 793 2579 luxui,
820 2510 876 2568 sibi
904 2510 1042 2569 mentitur
1069 2511 1181 2584 sibique
1196 2513 1348 2584 repugnem,
1375 2509 1453 2568 aliud
1480 2508 1580 2582 lingna

442 2627 559 2681 sonans,
575 2610 655 2669 uliud
669 2613 764 2670 animo
780 2612 887 2683 celans,
904 2629 972 2672 noce
988 2615 1102 2671 tantum
1124 2613 1318 2672 testimenium
1339 2612 1492 2686 perhibens
1508 2611 1577 2681 Deo,

440 2729 505 2770 cum
520 2711 582 2771 uita
599 2715 728 2772 satanam
745 2713 830 2774 celat.
859 2714 1005 2773 bitinacius
1032 2717 1128 2774 autam
1144 2717 1189 2773 est
1204 2715 1281 2773 uitae
1298 2731 1383 2788 quam
1405 2713 1522 2787 linguae
1538 2717 1578 2772 ta·

440 2813 618 2873 stimonium,
649 2831 718 2873 non
751 2816 867 2874 omnis
902 2815 965 2887 qui
993 2815 1104 2874 dieii:
1139 2815 1305 2888 Domine,
1334 2815 1498 2886 Domine,
1527 2815 1579 2874 in-

439 2915 561 2974 trabit
595 2917 631 2973 in
664 2932 828 2990 regnum,
867 2919 930 2976 sed
966 2919 1027 2990 qui
1062 2917 1156 2977 iacit
1190 2920 1424 2978 uoluntatem
1457 2919 1579 2991 putris
1669 2895 1674 2908 ⁸

405 3017 631 3077 saeaelestis.
656 3018 765 3079 babent
785 3023 815 3078 et
837 3037 1016 3094 opemsuanr
1031 3019 1172 3094 linguam,
1196 3021 1304 3082 babent
1319 3038 1400 3080 suam
1415 3019 1580 3080 facundiam

439 3119 526 3177 etiam
542 3123 657 3179 meante
672 3120 782 3194 lingua.
806 3123 868 3181 ideo
890 3123 1030 3182 Dominus
1053 3125 1083 3182 in
1106 3125 1255 3198 euangelio
1277 3125 1412 3183 Ioannem
1428 3124 1470 3182 ita
1485 3124 1579 3197 loqui-

438 3221 502 3278 tur:
534 3237 645 3294 spera
667 3239 757 3296 quae
780 3223 886 3282 dedit
907 3225 997 3283 mibi
1020 3226 1124 3300 pater
1147 3228 1186 3284 nt
1208 3225 1475 3300 perficiamea,
1497 3225 1580 3299 ipsa

438 3339 549 3395 opera
581 3341 673 3397 quae
707 3342 771 3399 ego
805 3326 904 3386 iasio
938 3328 1197 3388 testimonium
1230 3329 1431 3403 perhibent
1454 3329 1494 3386 de
1517 3345 1579 3388 me.

438 3425 675 3496 quemadmodum
690 3426 782 3499 igitur
796 3429 871 3488 bona
886 3447 972 3502 opera
987 3430 1275 3503 profitenturDsum,
1292 3433 1335 3490 ita
1349 3432 1425 3490 mula
1440 3431 1579 3504 quodam·

405 3525 523 3586 semodo
545 3524 711 3600 loquuntur:
741 3531 1027 3604 nonnarum,
1061 3550 1126 3594 nee
1160 3533 1325 3594 seientia
1358 3533 1392 3593 in
1421 3535 1577 3594 excelso.

437 3627 504 3700 quis
534 3644 591 3688 non
621 3631 837 3706 contremiscat,
871 3634 937 3707 quis
967 3652 1024 3694 non
1054 3636 1247 3708 inhorrescat,
1282 3635 1347 3709 quis
1385 3655 1441 3697 nun
1469 3637 1578 3696 laceret

438 3729 614 3790 uestimenta
644 3748 711 3804 sua,
749 3733 815 3807 quis
844 3751 901 3794 non
939 3737 1054 3796 obturat
1084 3755 1168 3798 sures
1199 3755 1282 3810 suas,
1323 3739 1348 3797 si
1389 3739 1464 3799 tales
1493 3755 1578 3798 uaeas

437 3830 537 3889 audiat
567 3849 600 3891 er
637 3833 820 3894 Christiano?
862 3841 987 3910 quantus
1021 3839 1137 3912 horror,
1179 3843 1303 3914 quantus
1341 3842 1420 3900 dolor
1461 3844 1580 3914 occupat
1667 3869 1668 3874 ι

437 3933 548 3992 animos
589 3940 718 4008 nostres,
765 3955 829 3997 eum
870 3941 935 4014 quia
951 4007 958 4026 α
974 3941 1069 4001 uictus
1110 3944 1261 4003 tormentis
1303 3945 1398 4005 iussus
1436 3945 1579 4018 abnegare

402 4033 585 4094 ssGbristum
610 4038 735 4112 abnegat
756 4043 787 4100 et
808 4042 844 4100 ad
871 4042 951 4102 Iouis
977 4045 1103 4104 statuam
1130 4049 1178 4104 tus
1204 4047 1320 4106 adolet?
1343 4065 1427 4121 quern
1450 4046 1577 4120 trepida·

506 4213 641 4270 amanen.
660 4216 685 4282 9,
707 4217 747 4272 1⁸2.
932 4219 967 4272 23
985 4221 1085 4276 Maean.
1106 4223 1129 4286 7,
1148 4223 1190 4276 21.
1381 4227 1414 4282 27
1433 4229 1471 4283 le.
1490 4229 1516 4294 b,
1533 4225 1576 4280 36.

436 4298 818 4366 ffldffiffihffist
