4012 5066
776 427 826 482 Ad
848 427 1079 482 Nouatiannm
1102 443 1125 482 o.
1150 428 1261 484 10-12.
1544 436 1583 500 61

488 582 619 660 Denique
644 584 701 646 boc
721 584 752 646 in
772 583 923 692 euangelio
950 587 1151 662 conprobatur,
1178 585 1229 648 ubi
1248 584 1303 646 iila
1322 583 1427 648 mulier
1441 586 1635 663 peceatrirll

445 686 641 759 describitur,
668 703 742 760 quae
764 688 847 747 uenit
871 688 910 747 ad
934 690 1047 750 domum
1073 687 1222 750 cuiusdam
1248 689 1422 762 Pharisaei,
1449 689 1499 749 ubi
1524 693 1588 749 erat

445 787 586 850 Dominus
599 791 720 850 uocatus
735 805 800 849 curn
815 788 983 863 discipulis,
1009 793 1129 866 portans
1149 807 1204 851 uae
1224 788 1381 866 unguenti:
1409 807 1483 866 quae
1502 791 1588 852 stetit

444 891 483 951 ad
495 892 583 966 pedes
597 890 715 952 Domini
729 893 760 951 et
780 891 910 952 lacrimis
931 893 993 953 suis
1013 894 1088 954 lauit
1107 895 1197 969 pedes
1212 894 1276 955 eius
1290 895 1321 953 et
1337 893 1452 967 capillis
1466 894 1588 954 extersit

423 995 477 1055 eet
502 993 602 1054 oscula
625 992 732 1066 infixit,
752 995 787 1054 ut
806 993 982 1056 excitaretur
996 995 1057 1056 illio
1071 994 1248 1056 Pharisaeus
1269 995 1300 1054 et
1320 994 1443 1056 diceret:
1470 993 1534 1055 bic
1556 993 1589 1054 si

445 1097 545 1156 osset
573 1095 776 1170 propbeta,
807 1095 924 1157 sciret
953 1113 1044 1170 quae
1074 1099 1111 1157 et
1136 1095 1261 1172 qualis
1286 1096 1390 1155 esset
1415 1095 1491 1155 ieta
1515 1111 1588 1154 mu·

445 1196 518 1259 lier
538 1214 630 1274 quae
656 1214 733 1258 eum
758 1198 894 1273 tangit,
922 1198 1007 1272 qnia
1032 1197 1225 1274 peccatrix
1250 1200 1319 1259 est.
1349 1197 1471 1257 undein
1493 1196 1589 1256 couti-

444 1297 528 1361 nenti
553 1299 695 1360 Dominus
719 1302 903 1374 peccatorum
929 1300 1067 1362 remissor
1087 1304 1118 1362 et
1137 1299 1350 1375 paenitentiam
1375 1301 1507 1372 receptor
1527 1297 1586 1360 ait:

445 1402 572 1474 Petro,
607 1401 725 1462 babeo
761 1401 834 1462 tibi
870 1401 1019 1477 aliquid
1049 1402 1183 1464 dicere.
1224 1404 1263 1461 et
1291 1400 1362 1461 ille
1391 1392 1592 1474 reiponoit

411 1503 592 1565 redicens:
613 1503 802 1578 magister,
823 1503 891 1565 dic
913 1504 1112 1565 etDominus:
1133 1505 1202 1565 duo
1223 1493 1415 1564 debitores
1435 1503 1590 1564 fuorunt

446 1606 588 1668 cuidam
627 1605 855 1680 feneratori,
897 1623 992 1667 unus
1032 1607 1093 1682 qui
1133 1606 1167 1666 ei
1208 1604 1374 1667 debebat
1413 1605 1590 1667 denarios

446 1707 676 1783 quingentos
704 1709 741 1767 et
769 1706 870 1768 alius
896 1708 1190 1784 quinquaginta:
1218 1705 1256 1769 et
1281 1724 1359 1767 cum
1386 1723 1458 1768 non
1482 1708 1592 1766 habe-

444 1812 530 1871 rent
558 1809 652 1872 unde
682 1809 888 1883 noluerent,
919 1812 1095 1873 ambobus
1124 1811 1291 1873 donauit.
1322 1814 1352 1871 et
1379 1809 1589 1886 interrogauit:

446 1911 530 1984 quie
552 1928 675 1972 eorum
700 1912 787 1985 plus
812 1911 967 1985 diligiti
993 1916 1030 1971 et
1056 1913 1255 1988 respondit
1279 1913 1432 1972 Petrus:
1459 1910 1590 1984 utique

414 2011 520 2074 atille
555 2012 615 2074 oei
648 2012 735 2089 plus
771 2012 946 2084 donauit,
982 2014 1013 2074 et
1049 2013 1152 2074 ediscit
1181 2014 1295 2075 dicens:
1336 2010 1444 2075 uides
1477 2011 1589 2072 istam

446 2115 663 2176 mulierem?
704 2113 866 2174 introiui
895 2114 933 2174 io
962 2115 1101 2175 domum
1137 2116 1252 2189 tuam,
1294 2115 1460 2175 osculum
1498 2114 1591 2175 mibi

446 2232 515 2275 non
545 2214 704 2276 dedisti:
734 2217 825 2276 heco
854 2217 976 2276 eutem
1005 2232 1074 2275 non
1104 2215 1273 2275 cessauit
1302 2214 1505 2276 osculando
1530 2229 1590 2288 pe·

448 2317 512 2377 des
546 2332 652 2378 meos.
693 2317 807 2392 pedes
841 2332 940 2377 meos
969 2333 1038 2376 nou
1072 2315 1233 2377 lauasti:
1270 2317 1361 2377 baec
1390 2318 1510 2376 eutem
1537 2315 1589 2374 la·

448 2417 579 2479 crimie
619 2417 698 2478 suia
733 2418 832 2478 lauit
872 2421 909 2479 et
943 2418 1100 2492 capillie
1141 2417 1313 2478 extersit.
1355 2417 1438 2479 oleo
1477 2417 1590 2493 pedes

413 2533 546 2580 romeos
575 2536 644 2580 non
665 2519 846 2581 unexisti.
872 2521 963 2579 baec
991 2523 1112 2580 autem
1140 2519 1282 2580 uncxit.
1312 2522 1468 2594 propter
1497 2519 1592 2592 quod

449 2621 531 2683 dico
561 2621 652 2694 tibi,
683 2620 806 2693 Petro,
836 2621 923 2696 quie
946 2621 1195 2681 remittuntur
1224 2619 1288 2680 illi
1317 2623 1473 2694 peccata
1502 2619 1592 2681 eius.

449 2740 515 2786 ecce
529 2723 671 2785 Dominus
685 2723 819 2799 utrisque
835 2723 1015 2786 debitoribus
1025 2725 1110 2800 larga
1120 2741 1174 2786 sua
1188 2723 1296 2798 pietate
1311 2723 1440 2784 debitum
1452 2722 1592 2785 unane.

450 2844 517 2888 ecce
532 2825 639 2886 delicta
660 2828 824 2899 donantem,
851 2842 916 2886 eece
939 2826 1091 2886 mulierem
1105 2826 1298 2900 peccatricem
1312 2827 1507 2899 paenitentem
1520 2826 1592 2886 flen-

450 2931 509 2989 tem
524 2927 725 3002 deprecantem
739 2929 770 2986 ot
784 2927 934 2988 remissam
948 2929 1130 3001 peecatorum
1145 2927 1346 3002 accipientem.

414 3040 441 3084 ee
492 3027 637 3088 Erubesce
659 3029 717 3088 iam
739 3045 824 3102 nunc,
848 3028 875 3087 ei
896 3027 959 3087 fleri
973 3031 1080 3102 potest,
1102 3028 1276 3100 Nouatiano,
1299 3025 1400 3089 desine
1414 3027 1590 3102 umentis
1603 3035 1646 3094 12

448 3127 510 3190 tuis
530 3127 630 3203 impiis
650 3129 782 3190 incanus
803 3128 948 3203 decipere,
981 3127 1081 3190 desim
1103 3127 1189 3188 unius
1222 3127 1345 3201 capituli
1366 3127 1593 3202 praescriptione

450 3235 570 3292 terrere.
593 3230 718 3306 legimus
740 3233 771 3292 et
792 3232 943 3291 adoramm
964 3246 1017 3291 nec
1037 3229 1297 3304 praetermittimus
1312 3228 1464 3290 missum
1476 3228 1594 3291 Domini

451 3333 625 3393 senentiam
659 3332 709 3408 qui
742 3332 785 3393 ait
816 3334 988 3408 negaturum
1011 3349 1042 3392 se
1074 3333 1247 3406 negantem,
1280 3331 1420 3405 numquid
1440 3332 1472 3391 et
1492 3329 1593 3406 paeni·

451 3437 580 3495 tentem?
614 3439 646 3494 et
678 3435 748 3510 quid
781 3450 835 3509 ego
868 3433 979 3494 tamdiu
1000 3433 1036 3492 de
1057 3431 1292 3492 miserationibus
1324 3433 1447 3506 probare
1478 3431 1596 3508 ungula

519 3658 538 3713 b
554 3657 621 3714 Lac.
640 3659 665 3724 ⁷,
682 3658 795 3713 rte-ee.

521 3880 740 3938 bercitaretK
869 3875 1286 3948 illiciarisensK,iilepb.o
1424 3874 1594 3946 iipetreK,

451 3969 541 4025 simon
558 3985 582 4034 c,
600 3970 636 4035 es.
655 3969 734 4037 epist.
749 3983 779 4038 p.
797 3969 859 4032 186,
877 3969 912 4022 16
1039 3963 1074 4020 10
1091 3963 1203 4018 sumat
1222 3963 1260 4031 Κ,
1278 3964 1391 4018 arante
1517 3959 1550 4016 11
1572 3959 1598 4016 ei

451 4053 568 4110 debebat
585 4053 628 4123 K,
646 4053 800 4108 babeboto
939 4050 974 4104 12
990 4051 1059 4104 alica
1076 4047 1110 4103 Κ
1247 4050 1276 4102 et
1293 4063 1354 4102 cam
1372 4046 1411 4112 Κ,
1428 4061 1489 4101 cum
1501 4051 1523 4100 'o

452 4141 488 4196 14
503 4138 614 4194 illoram
629 4156 648 4195 o
738 4135 853 4208 dilige-t
870 4135 905 4191 K
986 4137 1078 4204 petrus
1096 4132 1135 4200 K,
1154 4133 1245 4189 airaon
1261 4149 1280 4188 o
1372 4132 1405 4186 16
1422 4128 1554 4186 introiri·
1568 4127 1602 4184 Κ

452 4229 478 4296 (t
495 4227 587 4292 crea),
604 4224 710 4279 intraui
728 4239 746 4279 c
850 4221 885 4277 21
903 4223 979 4290 petre
997 4219 1040 4284 Κ,
1058 4220 1147 4274 simon
1165 4234 1183 4272 e
1288 4216 1324 4272 22
1342 4215 1413 4287 eece]
1429 4216 1480 4272 boo
1498 4213 1532 4270 K

453 4307 671 4365 mmMK
771 4305 1039 4376 mmmme
