4016 5054
697 397 743 453 De
760 395 938 452 duodecim
956 397 1111 455 eleusinia
1128 401 1261 456 saeculi
1278 418 1301 457 e.
1319 402 1360 458 10.
1534 408 1596 478 169

462 554 521 616 uel
543 557 632 616 duos
653 558 788 630 testes,
821 559 859 617 ut
891 557 928 616 in
950 575 1009 618 ore
1038 557 1189 620 duorum
1210 562 1363 622 testium
1393 564 1454 624 uel
1482 565 1596 626 trium

463 660 539 720 etet
561 676 661 720 omne
684 661 845 720 uerbum:
869 660 901 719 si
922 659 1015 721 illos
1036 663 1299 738 uenandisrit,
1322 666 1596 727 dicecclesiao:

463 759 495 821 si
517 761 716 822 ecclesiam
749 781 817 823 non
839 762 1020 836 audierit,
1053 765 1105 825 sit
1137 766 1209 827 tibi
1240 768 1342 828 sient
1367 769 1542 830 ethnicus
1563 773 1599 830 et

462 864 695 936 publicanus.
724 864 778 922 tali
805 866 904 925 ordine
944 866 1129 940 expellendus
1154 873 1200 929 est
1225 869 1275 945 qui
1297 871 1463 946 cuicumque
1490 873 1600 932 doctori

442 965 510 1025 coel
526 965 659 1040 episcopo
674 967 827 1026 adhaerere
841 967 976 1028 uoluerit.
1003 972 1034 1029 et
1048 962 1098 1042 qui
1112 970 1165 1030 tali
1179 972 1277 1031 ordine
1294 973 1431 1047 expulsus
1452 974 1541 1033 luerit
1562 975 1599 1033 sb

464 1067 521 1126 ulio
536 1067 632 1141 aliquo
646 1069 761 1128 doctore
776 1069 837 1129 sino
848 1069 981 1143 episcopo
995 1071 1084 1144 recipi
1098 1089 1155 1131 non
1166 1073 1261 1132 debet.
1277 1074 1311 1134 de
1335 1076 1483 1136 sacerdote
1494 1075 1525 1134 in
1535 1075 1601 1149 lege

463 1169 618 1229 scribitur:
647 1170 794 1230 uiduam
823 1174 886 1230 eut
913 1173 1148 1244 repudiatam
1176 1192 1244 1234 non
1265 1175 1599 1250 accipietuxorem.

464 1271 514 1345 qni
539 1288 608 1345 ergo
633 1274 908 1340 excommunicatum
937 1275 1115 1335 acatholico
1140 1277 1191 1337 illo
1218 1293 1275 1337 uon
1289 1277 1474 1352 permittente
1496 1278 1600 1352 recipit

463 1377 565 1435 centra
579 1375 737 1449 scripturae
755 1376 943 1452 statutaagit
957 1395 990 1437 ae
1005 1377 1069 1458 iura
1083 1379 1177 1439 sancti
1192 1379 1355 1453 sacerdotii,
1377 1381 1408 1438 in
1423 1382 1500 1454 qued
1515 1381 1598 1440 chri-

430 1477 623 1536 noetianorum
637 1492 729 1550 genus
744 1478 867 1537 electum
882 1481 946 1550 est,
972 1479 1093 1538 excedit.
1124 1481 1178 1539 hac
1192 1481 1303 1539 ratione
1317 1482 1480 1556 episcopum
1496 1483 1533 1540 ad
1548 1499 1599 1542 eos

465 1579 570 1652 quibus
591 1577 622 1636 iu
642 1578 838 1652 speculatione
853 1581 965 1654 positus
980 1585 1102 1641 estesse
1123 1585 1245 1656 oportet.
1268 1586 1395 1642 cetorum
1416 1600 1483 1644 uero
1505 1584 1599 1658 qualis

464 1681 495 1738 iu
510 1683 602 1739 semet
615 1681 678 1754 ipse
693 1697 756 1740 esse
783 1682 886 1741 debeat
912 1682 1019 1742 Paulus
1033 1684 1180 1755 apostolus
1195 1685 1327 1756 exponit,
1357 1687 1391 1742 ut
1413 1685 1450 1742 ed
1479 1684 1601 1758 gradum

465 1781 602 1856 episcopii
617 1783 736 1843 ueniens
762 1782 804 1842 sit
818 1783 931 1843 sobrius
951 1785 1075 1856 prudeus
1095 1786 1193 1844 cestus
1208 1785 1324 1858 sapiens
1338 1786 1486 1844 modestus
1500 1785 1600 1858 hospi·

463 1883 544 1954 talis,
566 1883 642 1942 filios
656 1885 767 1942 habens
782 1885 916 1944 subditos
931 1903 994 1944 curu
1010 1886 1086 1944 omni
1101 1887 1251 1958 castitate,
1274 1886 1471 1946 testimonium
1489 1887 1601 1947 habeus

348 1998 356 2013 ·
431 2003 457 2042 ιι
465 1985 571 2045 benum
586 1986 624 2044 ab
638 1984 686 2044 his
700 1984 750 2058 qui
765 1985 836 2044 loris
852 1988 935 2056 sunt,
962 1985 1126 2059 praeferens
1149 1987 1341 2047 doctrinarum
1356 1988 1469 2047 fidelem
1490 2005 1599 2048 sermo·

465 2103 546 2158 nem,
569 2089 636 2146 ante
666 2087 862 2160 episcopatum
890 2104 948 2147 uon
972 2087 1038 2161 plus
1061 2105 1146 2161 quem
1167 2105 1252 2148 unam
1267 2089 1378 2148 habens
1393 2106 1520 2149 uxorem.
1543 2107 1601 2150 non

465 2207 635 2265 percussor,
670 2207 727 2250 non
752 2190 906 2264 bilinguis,
941 2208 998 2250 uon
1020 2191 1164 2260 ebriosus,
1198 2207 1254 2249 non
1279 2192 1455 2265 neophytus,
1489 2193 1523 2250 nt
1547 2208 1602 2265 per

465 2293 538 2353 haec
549 2293 610 2366 ipse
623 2291 706 2366 prius
717 2292 849 2351 ostendat
861 2292 891 2349 in
901 2307 986 2366 opere
998 2292 1073 2366 qnod
1084 2291 1157 2352 ulios
1169 2293 1252 2352 docet
1262 2291 1291 2350 iu
1304 2279 1599 2353 sormondeocesme.

466 2397 589 2454 caueant
603 2409 671 2468 ergo
686 2392 874 2466 neglegentes
889 2393 1031 2468 episcopi,
1061 2393 1135 2466 qued
1150 2393 1321 2466 intempore
1341 2395 1486 2453 uindictae
1501 2393 1600 2452 Domi·

431 2512 523 2555 sonus
537 2513 589 2570 per
606 2496 776 2570 prophetam
790 2494 990 2570 conqueritur:
1016 2497 1186 2568 pestoree
1206 2494 1299 2554 muti
1320 2492 1494 2554 demoliti
1515 2496 1602 2553 eunt

466 2598 635 2671 populum
669 2614 799 2668 meum,
835 2598 873 2656 et
909 2613 977 2655 non
1014 2596 1214 2670 pascebant
1249 2598 1420 2670 pastores
1456 2612 1601 2670 gregem

466 2715 589 2770 mcum,
619 2699 682 2757 sed
711 2698 914 2771 pascebant
942 2700 1112 2772 pastores
1131 2700 1255 2760 semet
1282 2697 1399 2772 ipsos,
1422 2698 1473 2756 sed
1502 2697 1600 2770 petius

536 2897 634 2950 rreu.
651 2896 695 2959 21,
715 2897 756 2951 ιι.
860 2895 897 2948 20
913 2894 960 2949 ιιι.
977 2894 1020 2960 ιι,
1039 2893 1065 2946 ι.

536 3101 551 3153 1
569 3102 654 3153 testes
672 3115 722 3152 orn.
745 3098 778 3164 G,
799 3098 896 3152 iratres
921 3097 946 3150 V
1055 3096 1100 3150 uel
1117 3095 1201 3150 trium
1220 3095 1333 3150 testium
1351 3094 1423 3150 XVo
1530 3095 1549 3147 2
1567 3095 1601 3163 sil

467 3185 538 3254 quod
556 3186 580 3239 ei
598 3186 627 3237 X
711 3185 744 3253 si]
763 3185 787 3236 si
806 3186 897 3237 autem
915 3182 971 3235 XV
1054 3181 1118 3235 det
1135 3181 1272 3235 eeclesiam
1291 3184 1323 3233 Χ
1409 3179 1517 3235 ethicus
1540 3177 1568 3232 G

465 3269 484 3323 4
502 3269 663 3338 quicumque
676 3268 746 3322 XVc
849 3269 867 3322 5
885 3266 1003 3320 uoluerit
1020 3281 1071 3320 coa
1088 3265 1135 3328 θ’,
1152 3265 1318 3334 contempnit
1334 3265 1405 3319 (ΡΧ
1506 3263 1602 3333 luerit]

466 3357 510 3408 eet
526 3355 556 3406 X
692 3354 710 3407 6
728 3353 784 3407 alio
802 3369 853 3406 ora
877 3352 933 3406 GV
1062 3350 1154 3418 aliquo
1171 3367 1223 3404 oea
1242 3352 1275 3402 X
1401 3349 1470 3418 siue]
1490 3348 1569 3403 nelo

466 3455 520 3494 non
539 3439 620 3492 debet
636 3439 755 3508 recipio
868 3451 985 3504 namque
1003 3436 1132 3504 scriptum
1150 3438 1193 3488 est
1211 3436 1240 3489 iu
1258 3434 1353 3504 legen
1466 3434 1550 3488 Vaut
1567 3448 1604 3488 cu

467 3527 560 3579 ιιιιιιι
583 3523 609 3578 G
720 3523 871 3592 accipiatc
989 3522 1007 3574 8
1025 3521 1097 3590 ergo]
1117 3520 1195 3574 illum
1213 3519 1315 3574 oddo
1434 3519 1533 3588 recipit
1550 3535 1602 3574 om.

472 3610 547 3674 6¹V,
572 3608 628 3663 sibi
650 3609 776 3677 iungite
959 3608 1089 3661 licentra
1111 3605 1260 3673 scripturae
1282 3621 1304 3658 s
1332 3603 1393 3675 egit
1410 3621 1462 3660 οιιι.
1484 3603 1569 3660 G¹Vo

468 3709 501 3748 ae
518 3695 579 3749 iura
595 3694 702 3762 scripsi,
720 3691 819 3748 bucina
829 3693 872 3745 irs
887 3691 920 3755 V,
936 3690 1035 3744 bacina
1047 3690 1088 3744 ira
1103 3689 1141 3755 o;
1153 3706 1196 3744 ac.
1208 3729 1213 3740 .
1225 3689 1341 3744 excedit
1357 3706 1407 3745 erre
1420 3691 1449 3742 X
1516 3704 1603 3744 sacer·

467 3780 526 3835 doti
543 3780 573 3834 in
590 3779 620 3834 iu
638 3777 709 3848 quod
731 3777 764 3842 0,
782 3777 925 3833 sacerdotii
942 3777 970 3830 in
990 3792 1077 3844 quoe
1163 3777 1197 3830 10
1214 3791 1299 3845 genus
1316 3791 1367 3830 om
1391 3774 1448 3830 GV
1531 3774 1600 3831 elec·

467 3869 514 3921 tns
536 3865 593 3921 GV
698 3852 745 3934 eps
767 3862 794 3919 V
905 3863 938 3915 11
956 3861 1201 3930 speculationemc
1309 3859 1477 3928 praepositus
1499 3859 1572 3914 (ΡΧ

469 3953 503 4006 13
519 3939 563 4020 epi
585 3949 639 4005 ΘΧ
781 3949 815 4003 15
831 3947 1004 4017 prelereuso
1145 3944 1297 3999 doctrinam
1315 3944 1378 4006 XV.
1396 3942 1534 3998 doctrinae
1553 3959 1570 3998 e

468 4038 502 4092 16
520 4039 583 4092 cute
601 4035 653 4105 ep]
670 4037 816 4104 antequem
833 4033 974 4102 episcopus
992 4031 1065 4088 eito
1166 4046 1221 4085 neu
1238 4031 1330 4100 plures
1352 4028 1394 4084 Vc
1502 4027 1604 4084 habme

467 4137 563 4177 moros
580 4136 663 4189 quern
680 4136 763 4175 unam
784 4119 825 4174 Vc
945 4119 981 4171 18
998 4117 1073 4185 prius
1091 4131 1141 4171 ora
1159 4118 1207 4171 Xe
1319 4113 1414 4168 doceat
1435 4113 1464 4167 V
1574 4115 1603 4168 iu

468 4223 518 4262 ona
541 4206 613 4262 ΨΧ
713 4205 750 4258 20
765 4204 938 4272 conqueritur
954 4202 1043 4257 diceus
1066 4203 1104 4256 Vo
1210 4201 1282 4255 muti
1298 4214 1349 4254 om.
1372 4197 1444 4253 (ΡΧ
1546 4213 1603 4254 mo·

468 4291 515 4346 liti
537 4290 607 4347 0¹1⁷
732 4289 767 4344 21
785 4292 905 4358 pastores
923 4304 1010 4344 em
1135 4287 1171 4341 22
1188 4289 1308 4356 pastores
1325 4284 1373 4339 sed
1390 4283 1570 4354 pascebantc
