4000 5066
908 439 1070 497 Carmine

610 602 690 662 l'unc
703 602 731 664 si
745 619 818 677 quse
833 616 868 661 ex
883 600 944 663 illis
958 601 1077 677 delapss
1089 603 1237 677 putamine
1250 603 1340 665 remis

610 705 650 764 Et
663 705 762 766 dulces
777 705 868 766 multo
883 707 1015 765 rorantes
1028 707 1143 765 nectere
1158 705 1280 778 iunctus,

610 808 785 881 Vescuntur,
801 823 885 868 ueros
900 791 1034 881 optantes
1048 823 1161 868 sumere
1175 807 1306 870 metus:

546 909 587 968 45
652 910 729 984 Ergo
744 909 794 969 nbi
810 909 963 969 coelestem
978 911 1114 982 ceperunt
1128 926 1179 970 ote
1194 926 1335 985 soporem,

608 1013 781 1072 Permutsnt
795 1012 906 1072 enimes
921 1014 952 1070 et
965 1013 1076 1070 mentes
1091 1013 1208 1086 perdere
1223 1029 1328 1072 sueres

610 1113 760 1186 Incipiunt
773 1113 907 1188 dulcique
923 1113 1068 1173 homiuem
1081 1129 1251 1186 cognoscere
1265 1130 1363 1174 sensu.

607 1215 764 1276 Insolitnm
778 1215 879 1275 multis
895 1216 1073 1276 stomachum
1089 1216 1215 1276 mouisse
1230 1233 1362 1290 saporem

608 1315 742 1377 Vidimus
757 1319 787 1377 et
801 1316 880 1377 lellis
895 1321 1065 1378 commotum
1079 1317 1165 1378 melle
1180 1335 1329 1390 uenenum,

546 1420 589 1479 50
610 1419 756 1480 Reiecisse
771 1420 862 1479 bonos
876 1419 993 1479 turbate
1007 1423 1102 1479 mente
1118 1437 1244 1494 saperes,

607 1523 669 1581 Ant
683 1523 767 1581 auide
783 1524 929 1596 sumptum
940 1539 997 1580 non
1012 1522 1145 1582 dilexisse
1161 1523 1267 1598 diuque

608 1623 648 1682 Et
662 1624 738 1683 mele
749 1625 881 1698 pontum
895 1623 1012 1682 tendem
1027 1623 1187 1684 euomuisse
1203 1641 1344 1699 saporem.

608 1724 699 1798 Saepe
714 1724 829 1799 quidem
844 1724 929 1784 multi
944 1724 1088 1784 renoustis
1102 1727 1247 1785 mentibus
1261 1743 1364 1802 oegros

608 1827 774 1886 Restituere
790 1827 902 1886 mimos
917 1829 947 1886 et
961 1843 1034 1899 quse
1049 1843 1080 1885 se
1094 1843 1178 1900 posse
1194 1829 1339 1902 negebent

544 1927 585 1986 55
607 1928 793 1987 Pertnlersut
807 1926 990 2000 fructumque
1005 1928 1051 1987 eni
1066 1943 1165 2000 cepere
1179 1927 1298 1988 loboris.

606 2029 693 2089 llnlti
708 2028 796 2090 etism
812 2032 928 2090 sanctos
942 2028 1005 2088 susi
1018 2031 1182 2104 contingere
1197 2031 1292 2090 fontes

607 2127 773 2192 Discessere
787 2133 892 2191 iterum
906 2131 1002 2192 subite
1017 2135 1150 2205 retroque
1164 2133 1271 2206 relapsi

609 2234 747 2294 Sordibns
761 2237 793 2294 et
806 2251 893 2295 coeno
908 2235 991 2294 mixti
1006 2235 1163 2294 uoluuntur
1177 2236 1286 2295 eodem.

609 2335 697 2394 llulti
712 2352 812 2395 uerum
826 2337 900 2396 bono
914 2339 1062 2409 portantes
1077 2337 1189 2408 pectore
1204 2337 1275 2396 totis

549 2437 599 2495 60Ι
613 2437 768 2509 Accipiunt
783 2437 887 2496 animis
901 2437 1071 2510 penitusque
1085 2437 1115 2494 in
1130 2437 1241 2496 uiscera
1255 2437 1390 2498 condunt.

642 2539 721 2612 Ergo
736 2538 842 2612 quique
857 2555 954 2598 sscros
969 2541 1091 2612 possunt
1105 2539 1237 2598 accedero
1252 2541 1348 2600 fontes

609 2640 739 2714 Septima
753 2641 804 2698 lux
819 2640 887 2699 illos
901 2642 1015 2714 optetes
1031 2640 1109 2699 sistit
1123 2641 1160 2698 ed
1174 2641 1276 2712 nudes,

611 2739 744 2816 'lingunt
758 2741 788 2800 in
803 2741 923 2816 liquidis
939 2743 1049 2801 ieiunos
1064 2741 1192 2802 fontibus
1206 2745 1303 2802 ortus:

607 2846 655 2904 Sic
669 2845 783 2903 demum
798 2844 936 2903 inluuiem
950 2845 1055 2903 mentis
1070 2843 1202 2917 uitaeque
1217 2843 1322 2917 prioris

548 2948 588 3009 65
610 2948 764 3024 Deponunt
777 2947 872 3007 lebem
887 2964 1029 3021 purasque
1043 2964 1062 3006 e
1075 2949 1166 3007 morte
1181 2947 1323 3008 reducunt

608 3051 752 3110 Inlustres
767 3052 877 3110 enimes
892 3051 1022 3124 caelique
1036 3051 1072 3110 ed
1088 3051 1183 3109 lumen
1199 3051 1300 3110 ituree.

486 3385 521 3440 w
538 3387 598 3439 tum
615 3386 640 3439 si
657 3387 704 3454 qui
722 3385 814 3440 Aldine
929 3385 964 3438 43
982 3383 1082 3438 multoe
1099 3384 1188 3438 urenti
1206 3383 1271 3438 EM
1391 3385 1497 3440 fructus
1514 3385 1553 3448 Ε,

419 3469 524 3525 l'rcndee
542 3471 577 3526 M
596 3478 623 3525 ct
641 3471 792 3526 Febeicice
860 3471 895 3525 44
912 3487 975 3525 uero
993 3471 1059 3526 ΕΜ
1126 3472 1261 3540 optantes]
1281 3473 1410 3540 exoptent
1427 3471 1519 3526 Aldus

417 3571 552 3610 assumere
569 3556 611 3610 Ε·
737 3557 774 3612 46
791 3572 888 3612 suerum
905 3571 941 3610 ec:
958 3572 1037 3610 umes
1055 3556 1086 3609 E
1099 3571 1134 3609 m.
1152 3559 1173 3610 2
1304 3557 1340 3612 4⁷
1357 3555 1548 3626 incipiunt...

417 3655 490 3694 scere.
508 3643 544 3695 53
562 3657 682 3710 saporem
700 3657 753 3695 om.
771 3643 837 3695 ΕΜ
965 3642 1000 3695 48
1018 3641 1131 3695 insolito
1149 3641 1293 3695 Pometios
1431 3657 1553 3711 soporem

416 3724 508 3780 Aldus
609 3726 646 3780 49
663 3726 745 3780 mollo
761 3726 905 3781 Pameliue
1015 3727 1050 3781 53
1066 3727 1204 3780 rennuatis
1222 3725 1322 3790 Aldus,
1340 3727 1463 3781 renuenti
1481 3726 1553 3791 ΕΜ,

416 3813 550 3866 reuocatis
573 3811 662 3866 Oxou.
807 3813 842 3866 54
859 3827 913 3880 qus
931 3811 997 3866 ΕΜ
1140 3811 1175 3866 55
1191 3811 1363 3881 pertulerunt
1378 3811 1519 3866 Herelius

416 3897 451 3950 56
468 3897 567 3968 fontes]
586 3901 691 3952 mentes
709 3897 773 3954 ΕΜ
851 3897 885 3951 59
902 3913 996 3952 uerum
1013 3897 1119 3965 scripsi,
1137 3913 1201 3952 nero
1212 3897 1283 3960 ΕΜ,
1302 3913 1367 3951 uere
1379 3896 1519 3952 Moreiius

416 3982 452 4036 60
467 3983 638 4051 psenitisqns
657 3983 722 4036 ΕΜ
806 3983 839 4036 61
858 3983 966 4050 quique]
986 3984 1093 4051 quicum
1112 3982 1184 4048 EM,
1202 3982 1250 4051 qui
1263 3982 1355 4036 Aldus
1441 3982 1475 4036 62
1493 3997 1552 4052 sep-

418 4065 487 4120 time
504 4067 549 4120 lux
566 4066 630 4121 illos
648 4068 748 4132 Aldus,
771 4071 800 4121 et
817 4083 884 4136 quos
906 4067 1022 4136 septime
1043 4067 1088 4121 lux
1112 4067 1256 4132 Montius,
1279 4065 1397 4136 septime
1414 4066 1461 4121 lux
1479 4066 1551 4130 ΕΜ,

417 4152 534 4222 septime
551 4153 597 4206 lux
614 4169 741 4222 repersus
759 4154 903 4208 Pometios
919 4168 954 4207 cc
971 4153 1030 4208 cod.
1048 4153 1163 4224 duplico
1347 4151 1382 4207 63
1399 4153 1429 4206 in
1447 4151 1553 4221 illiqui·

416 4237 459 4291 dis
476 4239 514 4293 Μ
526 4239 573 4294 sed
590 4241 619 4292 in
635 4255 657 4294 e.
676 4240 694 4292 l.
711 4255 747 4294 m.
764 4243 784 4294 2
892 4239 928 4293 65
945 4254 1092 4307 purusqnee
1110 4239 1190 4294 ΕΜ
1302 4238 1434 4293 recedunt
1452 4239 1553 4293 Peme·

416 4323 470 4377 line
573 4323 608 4378 66
625 4323 709 4377 limen
727 4324 817 4378 Aldus

1271 4411 1344 4475 20*
