4012 5056
685 544 733 601 Dc
750 547 835 601 bono
853 544 1048 617 pudicitiae
1071 561 1094 602 c.
1112 547 1190 603 6-8.
1470 547 1511 613 19

363 705 502 766 meritum
516 722 574 765 non
588 691 849 766 habst'dominnm.
873 703 1025 780 uirginitas
1046 704 1248 766 affectionibus
1268 705 1401 766 omnibus
1415 705 1512 766 soluts

364 811 420 880 est,
443 823 500 866 non
516 803 708 866 matrimoniis
730 807 776 867 est
790 805 897 879 dicata,
913 822 970 866 non
984 806 1110 878 amanio,
1125 824 1184 867 non
1197 807 1307 869 liberis.
1331 808 1509 882 persecutio·

365 923 430 968 nem
444 925 502 968 uon
516 909 614 982 potest
627 906 741 981 fimeto,
756 907 825 968 dum
839 906 921 968 iliam
936 908 971 968 de
987 908 1141 970 securitate
1154 911 1251 984 potest
1265 925 1431 984 prouocare.

409 1011 465 1070 Sed
485 1010 554 1084 quia
573 1009 733 1084 pudicitiae
758 1010 843 1071 nobis
867 1011 995 1071 breuiter
1020 1012 1089 1071 runt
1108 1011 1240 1084 exposita
1259 1015 1423 1087 praecepta,
1449 1011 1537 1072 iamss

343 1112 520 1186 epudicitise
535 1127 675 1185 ponamus
690 1111 863 1186 exemplum.
879 1113 946 1185 plns
960 1113 1037 1172 enim
1050 1111 1207 1186 proficitur,
1223 1129 1288 1173 cnm
1303 1112 1334 1172 in
1348 1131 1410 1174 rem
1425 1130 1510 1188 prae·

365 1216 475 1274 seutmu
491 1211 616 1284 usnitur,
643 1228 697 1272 noc
711 1211 748 1272 de
762 1210 871 1274 uirtute
898 1213 1064 1286 dubitatur,
1092 1213 1205 1288 quaudo
1231 1215 1308 1289 quod
1334 1215 1510 1289 praecipitur

365 1315 452 1376 etiam
474 1312 613 1386 exemplis
634 1311 774 1374 sancitur.
795 1314 957 1388 exemplum
975 1314 1132 1390 pudicitiae
1147 1332 1165 1375 a
1180 1315 1287 1389 Ioseph
1310 1316 1414 1390 coepit.
1438 1317 1508 1377 ado·

363 1416 474 1476 lescens
497 1415 647 1476 Hebraeus
669 1430 827 1490 generosae
850 1417 885 1476 de
911 1419 1006 1490 patre,
1032 1415 1254 1491 generosioris
1275 1417 1450 1491 innocentia,
1473 1418 1509 1480 ob

363 1516 502 1577 inuidiam
529 1517 737 1577 mactationem
760 1515 919 1578 distractus
945 1534 964 1577 a
988 1517 1127 1578 iratribus
1153 1518 1312 1578 Ismselitis
1338 1519 1370 1578 iu
1395 1521 1507 1580 domum

326 1620 518 1679 rodonensrat
538 1618 664 1678 hominis
677 1618 826 1692 Aegyptii
849 1619 984 1692 obsequio
999 1622 1029 1679 et
1049 1619 1212 1680 innocentia
1227 1623 1257 1679 et
1272 1623 1335 1680 tota
1355 1620 1508 1680 seruitutis

362 1720 419 1779 tide
444 1719 560 1780 facilem
587 1721 617 1780 ct
643 1718 814 1779 beneuolum
838 1719 868 1777 in
891 1736 923 1779 sc
943 1721 1070 1781 animum
1084 1721 1130 1782 eui
1154 1721 1507 1796 pronocaueratdomini,

362 1820 444 1882 cuins
458 1821 549 1882 iacies
565 1837 598 1880 se
611 1821 643 1879 et
656 1822 717 1880 tam
733 1837 827 1881 sermo
840 1819 971 1882 liberalis
986 1839 1070 1896 quam
1085 1825 1166 1882 aetas
1187 1822 1320 1884 omnibus
1336 1827 1508 1884 munienda-

361 1925 454 1982 nsrst.
482 1923 534 1983 scd
561 1922 619 1982 ista
643 1923 826 1997 generositas
851 1922 890 1982 ab
915 1938 1002 1983 nxorc
1028 1923 1136 1984 domini
1162 1923 1250 1984 aliter
1275 1941 1362 1998 qnam
1387 1925 1507 1985 decebat

362 2026 480 2097 accepta
501 2027 563 2083 eet:
586 2023 618 2082 in
639 2025 741 2084 domus
760 2025 844 2098 purte
859 2027 970 2084 secreta
984 2027 1015 2084 et
1029 2026 1090 2086 siue
1106 2024 1225 2085 arbitris
1239 2024 1354 2086 latebra
1368 2025 1505 2086 iecinori-

327 2144 352 2184 ιι
361 2127 416 2187 bns
435 2126 648 2188 accommodata
667 2126 782 2201 putauit
803 2141 834 2186 se
850 2126 1018 2200 pudicitiam
1032 2127 1225 2189 adolescentis
1244 2128 1428 2189 incontinens
1442 2147 1506 2188 mu·

362 2229 442 2290 lieris
465 2227 638 2303 inpudicitia
660 2245 736 2288 nunc
757 2228 910 2302 promissis
932 2246 1007 2289 nnnc
1027 2229 1114 2290 minis
1128 2245 1213 2308 posse
1228 2246 1375 2304 superare.
1397 2235 1427 2292 et
1441 2247 1505 2291 cum

361 2331 492 2390 retentus
514 2331 560 2390 est
583 2327 715 2389 uestibus
730 2345 763 2389 eo
779 2329 854 2404 quod
870 2329 1018 2390 moliretur
1032 2330 1131 2404 fugam
1145 2324 1263 2406 propter
1277 2331 1354 2390 tanti
1370 2331 1505 2391 facinoris

361 2431 509 2491 audacmm
545 2429 624 2505 ipses
660 2433 758 2492 uestes
794 2429 959 2505 relinquens
988 2433 1019 2491 et
1053 2433 1179 2507 corperis
1207 2431 1280 2492 nudi
1308 2432 1504 2493 sinceritatem

361 2530 513 2592 habiturus
534 2529 716 2592 innocentiae
736 2533 842 2593 testem
862 2531 900 2591 ad
925 2533 1031 2594 crimen
1053 2533 1239 2608 inpudicitiae
1263 2548 1333 2594 suae
1363 2533 1504 2608 inpudens

319 2632 461 2694 scmnlier
480 2632 594 2694 adicere
615 2649 673 2693 non
693 2633 838 2694 distiterit
858 2635 1045 2696 omnmuiam:
1066 2640 1097 2696 et
1117 2633 1223 2696 ceteris
1237 2638 1268 2694 et
1288 2634 1392 2694 marito
1407 2633 1502 2694 calida

463 2814 480 2867 ‘i
497 2815 532 2869 oi.
551 2813 619 2869 Gen.
636 2813 681 2878 39,
701 2815 726 2868 7.

429 2965 591 3021 ldominum
601 2981 637 3021 cc
646 2964 721 3020 domi
730 2965 764 3020 Κ
769 2969 835 3022 Μ
886 2967 1027 3023 affectibus
1039 2968 1070 3032 Z,
1082 2965 1329 3023 affectationibusc
1381 2965 1504 3020 imatri·

359 3051 450 3105 monia
467 3051 495 3104 Ζ
596 3053 639 3106 cst
657 3050 756 3120 dicata]
775 3051 906 3122 abstnpta
918 3053 945 3108 Ζ
1045 3051 1141 3106 dcnm
1158 3051 1210 3105 iila
1222 3052 1250 3105 Z
1350 3052 1503 3121 prouocare]

357 3134 468 3206 prouida
490 3151 538 3190 son
564 3151 709 3205 prouocare
727 3135 753 3190 Ζ
925 3137 942 3191 4
960 3135 1089 3206 exposita]
1114 3137 1204 3206 posits
1222 3151 1269 3190 een
1287 3136 1427 3205 proposita
1444 3135 1471 3189 Ζ

357 3219 515 3290 bcxcmpla
532 3220 559 3274 Ζ
674 3221 714 3290 iu]
734 3219 768 3274 sd
786 3221 811 3272 Ζ
925 3207 1072 3291 mpntctem
1090 3221 1118 3274 Ζ
1227 3220 1246 3274 6
1263 3219 1436 3275 dubitabitur
1453 3237 1470 3275 e

355 3303 466 3374 quande
483 3303 553 3373 quod
571 3303 610 3371 Κ,
628 3319 689 3359 cnm
707 3303 737 3359 id
754 3304 782 3358 Ζ
871 3305 1042 3377 praecipitur]
1060 3305 1209 3377 praeceptis
1225 3306 1251 3358 Ζ
1341 3305 1358 3360 'i
1377 3303 1505 3376 exemplis

358 3390 440 3445 stiam
458 3408 476 3447 n
562 3391 684 3445 sancitur
701 3391 810 3460 scripsi,
828 3393 941 3446 sanatur
958 3391 995 3456 K,
1013 3391 1143 3461 protatur
1160 3391 1193 3456 Ζ,
1211 3391 1337 3461 signatur
1353 3407 1370 3446 a
1456 3406 1504 3460 pn·

358 3475 468 3530 dicitius
484 3491 535 3530 era.
554 3475 580 3530 Ζ
673 3476 709 3529 ab
725 3474 753 3528 Ζ
840 3475 930 3546 coepit
946 3491 996 3530 orn
1015 3475 1043 3529 Ζ
1133 3475 1151 3530 8
1169 3474 1262 3530 ebreus
1280 3475 1314 3540 Ζ,
1331 3474 1423 3529 breuis
1440 3473 1475 3529 K

358 3559 456 3630 ob]·sd
474 3561 502 3614 Ζ
603 3561 621 3615 9
638 3559 801 3616 relationum
820 3560 848 3613 Ζ
948 3560 1000 3615 af.
1018 3559 1202 3615 hismahelitis
1219 3559 1259 3625 Κ,
1275 3560 1301 3615 is
1317 3574 1334 3615 a
1351 3560 1505 3615 maledictis

359 3645 490 3700 inanibus
501 3646 527 3700 Ζ
613 3644 648 3700 10
664 3643 795 3715 hominis]
813 3631 892 3699 hores
909 3643 937 3697 Ζ
1019 3642 1146 3711 obsequio
1164 3644 1193 3696 et
1209 3641 1367 3696 innocentia
1383 3657 1432 3696 oen
1447 3643 1473 3696 Ζ

359 3733 388 3784 ct
404 3729 437 3784 de
456 3731 483 3784 Ζ
578 3732 611 3785 11
629 3727 711 3785 facilc
730 3729 884 3784 bcuinrssum
902 3729 930 3782 Ζ
1021 3726 1123 3782 domini
1140 3740 1191 3780 oea.
1208 3727 1233 3779 Ζ
1327 3727 1361 3781 12
1377 3726 1459 3781 iacies
1477 3742 1506 3781 se

358 3817 465 3885 scripsi,
483 3815 565 3871 iacies
583 3815 647 3878 ΚΖ,
665 3813 763 3869 faciem
782 3832 799 3871 n
890 3815 919 3868 et
936 3815 994 3866 tum
1013 3811 1050 3879 Κ,
1068 3812 1151 3866 ctiam
1169 3812 1201 3877 Ζ,
1219 3812 1313 3867 tarne
1406 3813 1504 3882 eamne]

358 3915 436 3956 seruo
454 3901 480 3955 Ζ
599 3901 625 3955 ci
648 3903 725 3955 actas
743 3900 771 3954 Ζ
890 3897 1086 3954 commendaret
1102 3897 1131 3951 Ζ
1249 3897 1284 3951 13
1306 3896 1363 3967 sed]
1382 3902 1411 3952 ct
1427 3898 1456 3951 Ζ

358 3973 405 4040 cir
422 3986 466 4039 scr
483 3986 511 4039 Ζ
612 3986 646 4041 14
664 3986 782 4055 sempe]
801 3987 909 4054 aspen
926 3984 952 4036 Ζ
1053 3980 1162 4036 nuncu
1179 3980 1207 4035 Ζ
1302 3980 1336 4036 cr
1353 3982 1460 4037 lanera
1472 3983 1505 4048 Ζ,

358 4067 451 4124 adlata
468 4070 553 4124 &am
569 4069 608 4134 Κ,
626 4069 685 4124 alta
702 4070 731 4123 ci
748 4086 766 4124 e
869 4068 996 4122 facinoris
1013 4065 1047 4130 Ζ,
1064 4065 1222 4121 facinorosis
1240 4065 1273 4120 Κ
1375 4068 1410 4122 15
1426 4075 1506 4136 pota·

359 4153 407 4209 bat
425 4153 453 4208 Ζ
553 4155 652 4210 mulier
668 4153 806 4225 impudica
823 4154 850 4209 Ζ
953 4153 987 4208 16
1004 4152 1041 4222 ot]
1060 4149 1108 4206 aad
1126 4150 1153 4204 Ζ
1257 4151 1290 4205 17
1307 4151 1360 4221 ost]
1380 4167 1411 4206 ex
1428 4151 1456 4205 Ζ

359 4240 432 4295 tanti
449 4255 500 4295 ons.
519 4240 548 4294 Ζ
650 4241 684 4296 18
701 4239 875 4309 relinquisset
893 4238 922 4293 Ζ
1021 4239 1049 4292 et
1065 4253 1117 4293 nen.
1129 4235 1158 4290 Ζ
1259 4237 1414 4292 sinceritate
1428 4237 1454 4291 Ζ

361 4326 394 4381 19
411 4327 594 4382 innocentiam
613 4327 651 4392 Κ,
670 4327 826 4382 innocentia
843 4327 869 4380 Ζ
936 4326 970 4381 ad
988 4341 1038 4382 om.
1057 4323 1084 4379 Ζ
1150 4322 1306 4393 imprudens
1324 4341 1341 4381 e
1409 4325 1445 4380 20
1462 4329 1506 4380 tc-

360 4413 512 4467 meritatcm
531 4414 683 4468 calumniae
701 4413 728 4468 Ζ
814 4415 842 4466 et-
860 4413 969 4481 murito]
990 4409 1185 4480 maritoqqu
1265 4410 1391 4480 squalida
1408 4411 1454 4466 Kc

1244 4498 1298 4563 2*
