4016 5054
454 437 520 502 214
925 434 1108 505 appendix

454 591 566 667 uiuunt,
578 593 609 652 et
619 591 830 653 talisconusnit
840 591 1015 653 sinceritatis
1026 593 1227 654 caracteratis
1239 591 1338 667 qualia
1348 595 1415 651 sunt
1426 610 1508 652 sacra
1517 593 1583 668 ipsa

455 694 560 769 quibus
576 695 712 754 exhibent
733 695 827 755 officia
847 695 1010 768 seruitutis,
1037 711 1073 756 ne
1095 695 1172 756 circa
1186 695 1341 755 Dominum
1361 695 1507 755 offendant
1526 695 1583 768 ipsi

455 798 531 871 quod
545 799 673 856 mactant
694 799 746 857 aut
767 797 843 859 circa
855 799 992 873 populum
1013 796 1156 873 incipiant
1169 796 1301 873 inpedire
1315 797 1391 872 quod
1405 797 1581 871 praedicent.

455 901 665 974 propterquod
680 899 789 959 Paulus
811 900 958 974 apostolus
980 899 1023 960 sic
1045 897 1219 960 testificatur
1244 902 1275 958 et
1289 897 1375 959 dicit:
1398 902 1435 960 et
1455 900 1582 972 omnia,

454 999 558 1074 inquit,
581 1001 822 1075 sustinemus,
844 1019 886 1061 ne
908 1003 999 1078 quod
1022 1001 1313 1078 inpedimentum
1336 1000 1456 1062 domne
1478 1017 1607 1060 suan-a

454 1102 554 1178 gelio
587 1102 739 1163 Christi.
778 1105 806 1164 et
839 1103 958 1164 iterum:
992 1104 1130 1163 nemini
1161 1104 1293 1164 dantes
1326 1101 1439 1163 ullam
1468 1101 1583 1163 olien-

454 1203 612 1276 sionem,
640 1206 772 1266 utnon
793 1205 1030 1279 uituperetur
1057 1205 1308 1265 ministerium
1330 1207 1507 1265 nostrum.
1529 1206 1585 1264 bec

455 1305 546 1379 igitur
557 1305 740 1367 institutione
750 1307 833 1368 uobis
844 1325 928 1382 quam
941 1306 1095 1383 plurimum
1110 1307 1297 1368 laborandum
1313 1310 1358 1367 est
1368 1307 1404 1368 dc
1418 1306 1464 1380 iis,
1480 1307 1584 1381 quibus

454 1409 493 1467 ad
507 1409 748 1470 manifestandam
761 1411 933 1485 grauitatem
949 1411 1140 1484 singularitas
1151 1410 1244 1484 magis
1259 1426 1345 1485 quam
1356 1409 1488 1484 parilitas
1498 1409 1584 1469 testis

455 1526 525 1570 nera
539 1511 593 1570 est.
610 1511 746 1585 respicite
760 1515 868 1585 quante
881 1511 959 1570 mala
974 1511 1155 1572 conuersatio
1167 1511 1327 1586 parilitatis
1339 1511 1424 1570 huius
1439 1512 1582 1585 adquirat,
1595 1528 1622 1566 re

456 1630 529 1687 quae
543 1630 602 1673 non
616 1613 673 1673 nisi
688 1613 897 1689 corruptionem
912 1613 1045 1687 seminet,
1068 1613 1194 1688 pullulat
1208 1613 1291 1687 uitia,
1315 1614 1500 1687 cupiditatem
1515 1631 1583 1674 con·

456 1714 537 1787 cipit,
553 1714 739 1788 ignominiam
753 1716 840 1790 parit,
870 1715 978 1776 rabiem
993 1715 1130 1786 concitat,
1156 1716 1280 1790 porrigit
1295 1715 1410 1788 iuriam,
1436 1715 1585 1774 lasciuiam

454 1817 559 1888 pascit,
575 1815 766 1888 petulantiam
780 1817 881 1886 nutrit,
897 1833 981 1876 casus
992 1817 1110 1890 exaltat,
1126 1816 1224 1876 ruinas
1239 1816 1382 1889 aedificat,
1398 1815 1475 1889 ripas
1487 1816 1586 1890 erigit,

455 1917 626 1990 praecipitia
641 1919 769 1990 instruit,
788 1917 922 1992 periculis
937 1919 1068 1992 nauigat,
1090 1917 1250 1992 naufragiis
1266 1917 1401 1989 uelificat,
1426 1916 1586 1990 perditione

456 2019 580 2092 madet,
603 2019 752 2078 interitum
775 2019 862 2092 louet,
887 2018 1081 2079 confusionem
1104 2023 1264 2091 mereatur,
1287 2020 1462 2078 thesaurizat
1482 2035 1622 2092 oppro-rs

454 2119 560 2192 briem,
575 2119 787 2179 criminationes
802 2123 967 2193 exaggerat,
982 2121 1179 2180 accusationes
1194 2121 1353 2180 inflammat
1368 2123 1397 2179 et
1418 2119 1585 2180 cateruatim

455 2223 544 2282 semel
569 2221 600 2280 in
625 2221 733 2282 fascem
758 2222 921 2296 glomerans
943 2239 1110 2283 numerosas
1132 2221 1282 2296 indagines
1297 2222 1460 2296 captionum
1475 2237 1525 2294 per
1539 2222 1585 2281 in·

456 2321 541 2382 fluite
555 2323 724 2384 dedecorum
744 2323 918 2397 multiplices
933 2325 1041 2384 mortes
1056 2325 1169 2384 inuebit
1182 2325 1213 2383 in
1227 2323 1384 2398 perniciem
1398 2323 1584 2398 perditorum.

406 2423 446 2480 39
500 2424 555 2484 Tot
569 2425 667 2498 itaquo
680 2428 710 2483 et
724 2427 820 2484 tantas
835 2428 948 2498 strages
963 2425 1139 2484 calamitatis
1153 2429 1183 2485 st
1197 2425 1339 2500 pessimae
1360 2423 1584 2486 conuersationis

456 2541 539 2587 nemo
553 2526 721 2600 prosternit,
743 2542 824 2586 nemo
840 2525 941 2598 calcat,
968 2543 1051 2586 nemo
1067 2526 1205 2600 funestet,
1220 2527 1278 2586 nisi
1293 2527 1449 2600 singularis
1464 2527 1583 2586 castitas
1593 2547 1621 2587 sc

457 2625 521 2686 sola
535 2643 609 2701 quae
623 2627 779 2687 munimem
794 2627 935 2687 inuictum
960 2628 1005 2686 est
1031 2627 1237 2688 sanctimoniae
1259 2632 1289 2687 et
1311 2629 1484 2702 expugnatio
1498 2628 1585 2688 fortis

457 2725 603 2800 infamias,
626 2727 805 2788 tortitudinis
819 2727 940 2787 firmitas
955 2729 986 2786 et
1000 2728 1139 2788 lasciuiae
1153 2727 1312 2802 petulantie
1328 2728 1495 2800 infirmitas,
1517 2746 1585 2803 pro·

457 2828 560 2889 bitatis
574 2830 750 2904 praesidium
767 2834 795 2892 et
808 2830 994 2905 inprobitatis
1010 2830 1162 2903 excidium,
1188 2831 1299 2890 animae
1326 2831 1447 2892 uictoria
1471 2833 1501 2890 et
1522 2849 1585 2892 cor·

456 2933 535 3005 poris
545 2934 662 3006 praeda,
677 2935 794 2992 ubertas
805 2933 960 3007 gloriarum
972 2935 1002 2990 et
1014 2932 1169 3007 captiuitns
1182 2933 1342 3004 criminum,
1357 2934 1486 3006 pronuba
1501 2951 1585 2993 sanc·

455 3033 553 3094 titatis
578 3036 609 3094 et
638 3033 788 3110 repudium
812 3032 1018 3106 turpitudinis,
1056 3033 1233 3093 sinceritatis
1259 3033 1394 3093 indicium
1417 3037 1447 3094 et
1468 3033 1623 3100 abolitione

458 3135 668 3209 scandalorum,
683 3135 850 3195 exercitium
865 3135 1059 3194 continentias
1074 3136 1104 3193 st
1125 3135 1274 3194 cnacnatio
1289 3138 1351 3195 tcta
1365 3135 1504 3208 luxuriae,
1527 3153 1583 3209 pax

457 3252 559 3297 secura
572 3236 713 3297 uirtutum
729 3239 759 3296 et
773 3235 925 3297 debellatio
941 3234 1039 3310 quieta
1053 3233 1204 3309 bellorum,
1228 3237 1364 3310 puritatis
1379 3237 1490 3297 culmen
1504 3241 1534 3296 st
1548 3235 1585 3295 li·

457 3339 565 3400 bidinis
580 3356 686 3412 carcer,
702 3339 862 3399 honestatis
877 3341 978 3412 portus
993 3342 1024 3397 et
1038 3337 1213 3412 ignominias
1226 3336 1405 3411 nauimgalis
1420 3339 1508 3409 loces,
1524 3338 1585 3398 uir·

457 3441 592 3516 ginitatis
610 3443 705 3507 mater,
719 3443 748 3500 et
762 3439 854 3501 hostis
868 3440 1067 3513 inmunditiae,
1094 3439 1184 3500 lorica
1200 3439 1317 3514 pudoris
1338 3443 1368 3499 et
1382 3441 1504 3514 spolium
1519 3456 1585 3513 pro·

525 3672 652 3728 dicor.
671 3673 756 3739 e,12.
858 3672 923 3728 611
941 3672 1000 3728 cor.
1019 3673 1043 3737 6,
1061 3672 1086 3727 3.

527 3880 541 3931 1
560 3877 626 3931 talis
644 3895 680 3933 ex
698 3878 760 3932 eliis
782 3879 891 3934 ΟΜ
970 3893 1034 3931 cura
1052 3876 1216 3931 sinceritatis
1234 3894 1250 3932 u
1330 3877 1502 3932 loffsndrmt
1517 3879 1552 3935 0¹

456 3963 709 4020 recusem
820 3963 962 4019 eterno
1074 3961 1261 4018 illicem-G
1362 3963 1588 4034 tparalitasffl,

456 4049 601 4118 pluralitas
618 4066 636 4104 c
769 4048 802 4102 10
818 4047 973 4117 paralitatis
995 4046 1029 4102 0¹
1164 4047 1197 4102 13
1213 4064 1236 4101 r.
1254 4049 1337 4116 erigit
1358 4050 1388 4113 0,
1405 4065 1426 4103 r.
1444 4049 1526 4119 eripit
1542 4049 1588 4104 uei

456 4134 565 4203 rapinae
583 4134 669 4202 exigit
685 4151 702 4189 o
816 4134 850 4188 19
868 4134 904 4202 et]
924 4132 969 4188 uel
990 4134 1014 4188 0
1133 4136 1172 4202 et]
1190 4135 1217 4188 et
1235 4134 1339 4202 strages
1358 4133 1382 4188 0
1493 4135 1527 4188 21
1546 4133 1587 4188 in·

457 4219 532 4275 uicta
549 4218 584 4275 0¹
704 4219 739 4274 24
757 4218 901 4288 captiuitns
923 4218 953 4282 0,
971 4217 1104 4272 sterilitas
1120 4217 1167 4277 uel
1184 4215 1320 4285 cupiditas
1338 4233 1355 4273 c
1474 4219 1509 4274 26
1526 4235 1587 4274 ena

458 4303 560 4373 cestio]
578 4303 685 4357 uacatio
708 4303 733 4358 0
832 4301 867 4356 27
884 4301 1006 4371 inquieta
1028 4303 1052 4358 0
1153 4303 1188 4356 29
1205 4302 1334 4359 luricaG
1616 4309 1618 4314 '
