4000 5066
922 387 1107 458 Appendix.

644 546 807 607 Meosne
819 562 876 606 non
890 549 981 606 reotor
995 546 1175 606 Sodomorum
1189 546 1289 620 ingere
1302 543 1402 606 libum.

644 647 729 707 Nune
742 647 832 722 igitur
845 649 908 708 tuto
922 647 984 720 ipse
997 647 1071 720 lues,
1086 647 1160 722 quod
1175 650 1275 706 nostre
1288 645 1390 722 oupido
1406 649 1461 718 eut,

583 749 624 807 60
644 749 701 810 Pto
715 750 791 810 netis
806 765 913 824 oroque
927 749 1104 824 hospitibus:
1120 749 1192 810 setis
1206 767 1280 810 unns
1293 749 1324 808 in
1338 765 1446 810 omnes.

643 853 728 912 Diote
741 854 771 912 et
784 852 861 912 {eote
874 851 975 912 simul:
997 851 1079 926 uulgi
1091 867 1170 911 moro
1182 851 1264 910 nulle
1278 850 1410 912 furentis.

643 955 785 1015 Turbidus
800 955 918 1016 hiberno
931 972 983 1016 oen
998 955 1125 1016 uoluitur
1138 956 1243 1029 impete
1257 957 1379 1026 torrens,

646 1055 782 1117 Biuorum
796 1057 958 1117 innumeros
972 1073 1028 1116 uno
1043 1057 1115 1132 pede
1129 1056 1264 1116 subuehit
1278 1072 1392 1116 omnes:

643 1157 674 1218 ei
687 1175 745 1233 quo
758 1157 819 1218 illio
832 1160 917 1220 erbor
930 1158 1038 1234 rapidis
1052 1159 1205 1220 offenditur
1219 1159 1315 1230 undis,

581 1259 621 1318 65
642 1261 727 1320 Huud
741 1277 875 1320 mensuro
888 1261 937 1319 diu
951 1264 1089 1336 qnantum
1104 1260 1198 1322 redies
1212 1261 1310 1321 licebit

646 1359 770 1420 crinitos
784 1361 885 1422 durare
899 1378 1009 1422 mores:
1025 1363 1074 1423 nbi
1088 1363 1187 1424 subter
1200 1363 1316 1422 edesem

644 1463 745 1522 Perdit
759 1463 876 1524 humum
890 1463 1073 1524 onoumtoeso
1088 1465 1146 1524 iem
1158 1464 1275 1524 ooudioe
1286 1462 1423 1538 pendens,

646 1563 711 1624 Hno
724 1563 793 1624 illue
807 1567 913 1639 euntem
926 1565 1023 1625 differt
1036 1567 1146 1626 inoerte
1159 1566 1279 1626 ruinem.

646 1665 731 1724 Hnud
745 1665 831 1726 aliter
844 1667 919 1726 Loth
933 1667 964 1726 in
978 1668 1073 1728 medie
1086 1668 1227 1741 uertigine
1242 1668 1324 1741 uulgi

586 1765 629 1824 70
649 1765 778 1827 Nutobet
792 1768 868 1826 uiuoi
882 1783 970 1841 prope
985 1767 1058 1828 iem:
1074 1768 1125 1828 sed
1138 1769 1205 1828 diuo
1219 1771 1349 1841 potestus

648 1869 795 1942 Subnenit,
809 1869 931 1943 angelici
945 1869 1064 1929 iuuenes
1079 1871 1114 1929 de
1129 1870 1226 1930 limine
1240 1871 1354 1944 neptum

649 1970 815 2030 Restituunt
829 1971 931 2031 tentis:
953 1971 1069 2031 demens
1084 1972 1135 2030 sod
1150 1973 1255 2046 uulgus
1268 1972 1375 2031 ibidem

649 2073 809 2133 Poenarum
823 2072 957 2148 ouspioiiu
972 2073 1116 2134 interdum
1129 2072 1235 2134 lumine
1250 2074 1384 2134 multent.

692 2175 763 2234 Tum
777 2177 890 2236 deorete
904 2174 957 2234 Dei
972 2178 1112 2248 reserent,
1128 2176 1243 2248 dignum
1256 2176 1344 2234 edors
1359 2191 1478 2249 poenam

590 2275 630 2334 ‘15
652 2275 695 2335 De
709 2277 788 2336 euelo
802 2277 939 2348 Sodomis,
955 2277 1049 2351 ipsum
1064 2278 1201 2338 memisse
1216 2277 1340 2336 sulutem

651 2377 780 2438 Iustitiae
794 2379 895 2438 titulo:
910 2379 979 2452 quin
993 2395 1061 2452 ergo
1075 2379 1232 2452 eooingeris
1247 2378 1335 2438 istinc

651 2479 798 2539 Festinato
812 2480 909 2552 fugem
922 2480 1087 2553 punitorque
1102 2480 1220 2539 ednoero
1235 2479 1261 2538 si
1276 2495 1359 2554 quem

652 2579 750 2640 Gentis
764 2581 869 2640 hebes:
884 2597 936 2640 nos
950 2581 1067 2640 exitium
1081 2581 1138 2641 mm
1152 2581 1313 2640 inducimus
1328 2578 1399 2640 urbi.

651 2683 724 2742 Loth
739 2698 859 2757 generos
874 2683 948 2743 oitns
962 2683 1134 2757 alloquitur,
1157 2683 1207 2742 eod
1221 2684 1293 2742 dure
1307 2681 1450 2741 hominum
1465 2697 1543 2740 mens

591 2783 633 2844 80
654 2783 773 2845 Credere
787 2785 916 2860 despexit
929 2787 1067 2847 monitum
1081 2785 1203 2860 risitque
1216 2786 1354 2845 timorem.

534 3117 570 3172 58
585 3133 637 3172 non
656 3119 742 3172 reotor
753 3117 819 3182 ΑΗ,
838 3115 1034 3182 oonreotorBo,
1052 3133 1116 3171 num
1133 3119 1218 3171 reotor
1228 3135 1253 3182 o,
1270 3133 1341 3172 nono
1358 3119 1443 3172 rector
1458 3115 1545 3172 Omose

466 3201 560 3272 ingere
581 3201 664 3256 libres
682 3203 717 3266 A,
739 3203 832 3272 iugero
853 3203 908 3256 ires
924 3202 962 3269 H,
985 3205 1017 3256 ut
1033 3202 1139 3270 ingeret
1156 3203 1209 3256 ires
1226 3203 1262 3266 R,
1280 3205 1312 3256 ut
1328 3202 1503 3272 ingentium
1520 3203 1581 3258 dio

466 3287 559 3354 retius,
586 3290 666 3356 etque
685 3287 787 3358 ingerit
806 3289 859 3342 ires
882 3286 979 3353 Onon„
1004 3286 1125 3358 duplicet
1149 3288 1204 3343 irus
1225 3287 1380 3354 Fabricius,
1403 3289 1495 3358 iugero
1512 3285 1582 3343 libes

467 3373 537 3429 eoos
554 3373 667 3438 moue,
688 3374 782 3442 ingere
799 3371 892 3427 edibus
907 3372 974 3439 sort.
1076 3373 1110 3427 59
1127 3373 1194 3444 lues]
1212 3372 1285 3427 leues
1299 3375 1330 3427 H
1431 3374 1465 3428 62
1482 3389 1528 3428 eeu
1546 3376 1581 3437 A,

468 3457 532 3514 dnm
548 3459 614 3524 HR,
632 3461 665 3513 ut
681 3458 744 3512 dnm
760 3475 779 3514 o
883 3459 918 3513 63
934 3461 963 3514 in
980 3473 1103 3514 numeros
1120 3460 1159 3524 Η,
1177 3475 1301 3513 numeros
1318 3458 1355 3518 R.
1372 3476 1413 3514 eo
1430 3474 1538 3513 numero
1555 3460 1582 3512 A

468 3549 496 3612 (e
514 3547 597 3614 eros.)
698 3561 780 3599 unum
798 3549 822 3600 A
923 3544 1051 3600 subuehit
1067 3545 1102 3610 A,
1120 3543 1229 3598 uehitur
1245 3543 1311 3609 HR,
1335 3544 1419 3600 foetur
1435 3545 1583 3600 Fabricius

470 3635 531 3686 eto
620 3646 723 3685 emnem
741 3632 777 3699 A,
794 3647 871 3684 omne
888 3631 927 3696 H,
944 3632 974 3685 in
991 3645 1082 3684 omnes
1100 3631 1135 3694 R,
1152 3629 1182 3684 in
1199 3645 1288 3684 omues
1305 3647 1322 3684 o
1413 3631 1580 3684 innumerum

469 3731 552 3786 prono
575 3715 631 3782 (sset
656 3717 875 3786 innumeramque
900 3719 963 3784 uno)
986 3715 1051 3785 pede
1078 3713 1205 3770 subuehit
1227 3731 1323 3785 agmen
1348 3717 1418 3770 coesi.
1445 3715 1549 3770 Meidios

471 3801 506 3856 64
522 3803 547 3856 si
565 3816 630 3872 ques
647 3801 688 3856 R·
765 3801 866 3856 rabidis
883 3803 952 3856 oeni.
971 3801 1076 3856 muner
1176 3801 1210 3856 66
1226 3815 1352 3856 mensuro
1368 3803 1397 3852 Η
1481 3800 1514 3854 67
1533 3801 1583 3854 oir-

472 3927 532 3966 onm
550 3879 607 3967 fiee
623 3911 651 3966 A
767 3913 802 3966 69
819 3911 905 3966 medio
924 3911 952 3967 R
1069 3913 1152 3980 uulgo
1168 3911 1199 3966 Η
1203 3914 1211 3941 “
1331 3912 1366 3967 70
1382 3911 1493 3967 notsbot
1510 3914 1550 3966 A·

473 3997 507 4052 71
525 3996 654 4066 engeliR
755 3998 788 4052 '12
806 3996 861 4066 sed]
880 3998 946 4051 etA
1047 3997 1082 4052 73
1098 3997 1277 4067 hospiciisA¹
1381 3997 1497 4052 interdiu
1514 4000 1585 4052 oooe'.

474 4081 594 4137 Rius'ms
711 4082 815 4137 lumine
831 4083 860 4140 R
976 4099 1002 4151 p.
1019 4097 1042 4136 eo
1061 4081 1193 4136 multetur
1209 4083 1312 4138 lumine
1329 4082 1387 4139 diro
1404 4083 1550 4138 Fabricios

475 4167 510 4222 74
527 4169 591 4221 tuno
607 4165 681 4222 HRo
770 4170 871 4223 seoreto
886 4167 920 4222 Η
983 4168 1063 4222 odore
1080 4168 1119 4233 H,
1136 4167 1191 4224 fore
1209 4168 1246 4234 R,
1264 4167 1322 4224 toro
1338 4169 1366 4223 A
1455 4169 1488 4224 77
1507 4184 1584 4238 quem

475 4251 554 4318 Μ’,
571 4254 669 4321 queunt
685 4252 733 4318 ΔΙ,
752 4254 817 4320 quid
834 4253 877 4309 Ro
1026 4253 1062 4310 80
1079 4253 1195 4324 dispexit
1212 4256 1239 4310 A
1391 4256 1507 4325 reeitque
1526 4258 1553 4308 Η
