4012 5066
461 453 505 519 68
937 451 1124 522 Appendix.

464 621 593 681 magno
619 606 764 681 agitate
783 607 901 667 mittit
925 624 1076 682 grossos
1097 625 1195 682 suos,
1222 611 1259 670 et
1278 609 1418 669 caelum
1439 611 1598 670 recessit

465 709 505 766 ut
530 707 628 769 liber
652 724 728 768 cnm
754 707 978 782 inuoluitur,
1006 713 1042 769 ot
1067 710 1185 770 omnis
1209 727 1309 771 mous
1330 712 1367 770 et
1392 709 1532 770 insulse
1558 711 1599 770 do

461 812 558 874 locis
585 810 665 871 suis
690 812 808 870 motas
834 815 936 872 suni:
959 815 996 872 et
1021 827 1130 888 reges
1150 814 1327 873 terraoct
1347 810 1493 872 meximi
1519 815 1598 888 qni·

462 933 529 990 que
554 917 589 974 ot
611 913 757 974 tribuni
782 917 818 974 ei
843 915 987 974 diuites
1008 918 1045 975 et
1069 914 1190 975 fortes
1211 913 1249 976 et
1273 915 1389 976 omnis
1410 931 1541 975 seruus
1563 919 1599 976 ct

460 1017 560 1078 liber
580 1015 856 1076 absconderunt
875 1031 912 1076 se
932 1015 969 1076 in
990 1017 1185 1090 speluncis
1210 1019 1400 1091 petrarum
1427 1019 1463 1075 ot
1488 1017 1525 1076 in
1545 1035 1621 1077 oei-e

461 1119 590 1178 uernis
619 1117 793 1178 montium
822 1117 990 1178 dicentes
1027 1118 1215 1182 montibus
1244 1121 1281 1178 et
1308 1120 1444 1194 petris:
1475 1119 1599 1179 cadite

463 1235 573 1294 snper
594 1236 659 1280 nos
679 1221 715 1278 et
736 1218 954 1279 abscondite
975 1235 1039 1279 nos
1063 1236 1081 1279 a
1103 1222 1307 1298 conspectu
1328 1219 1452 1295 petris
1473 1221 1599 1281 sedeu-

462 1321 515 1380 tis
536 1339 646 1395 super
666 1321 837 1381 thronum
866 1324 902 1381 ot
922 1321 965 1380 eb
987 1320 1043 1380 ira
1064 1321 1166 1395 agni:
1198 1322 1367 1396 quoniam
1392 1321 1498 1382 uenit
1518 1321 1598 1380 iios

462 1421 720 1494 interitionis,
746 1423 782 1482 et
806 1421 889 1496 quis
913 1422 1055 1495 poterit
1090 1423 1214 1482 sture?
1242 1421 1311 1481 item
1336 1423 1366 1480 in
1397 1423 1494 1482 cadom
1518 1423 1599 1496 Apo·

463 1523 573 1598 eclypsi
598 1525 653 1584 hoc
675 1537 786 1597 quoquc
814 1523 935 1582 Ioannes
966 1521 1038 1582 dicit
1073 1521 1129 1582 sibi
1164 1523 1339 1583 nouolutum:
1369 1522 1464 1594 uidi,
1493 1522 1598 1596 inquit,
1609 1542 1639 1582 io

462 1627 633 1686 thronum
661 1641 826 1700 magnum
855 1625 890 1684 et
918 1623 1113 1684 candidum
1148 1625 1337 1685 sedentem
1373 1642 1483 1699 snper
1512 1641 1599 1695 eum,

364 1712 367 1720 ’
463 1727 608 1787 acuine
630 1727 728 1787 facie
750 1725 850 1800 fugit
871 1726 1012 1786 caelum
1034 1730 1070 1786 et
1088 1729 1201 1800 torre,
1223 1729 1259 1787 et
1279 1727 1383 1787 locus
1406 1744 1525 1788 eorum
1547 1729 1598 1787 in·

463 1832 598 1888 uentus
626 1845 694 1887 non
732 1830 804 1886 cst:
836 1828 872 1887 ot
896 1827 977 1886 nidi
1006 1830 1171 1896 mortuos
1199 1845 1350 1902 magnos
1375 1833 1411 1888 ct
1437 1828 1601 1902 pusillos

464 1933 612 1990 etentes
634 1931 719 1989 ante
746 1930 979 2002 conspoctnm
1004 1928 1133 1989 throni
1148 1928 1302 2001 Domini,
1318 1929 1459 1988 etlibri
1475 1929 1598 2004 aperti

464 2034 619 2092 suntet
647 2031 747 2091 alius
775 2030 872 2090 liber
899 2033 1053 2104 apertus
1080 2033 1138 2090 ost
1167 2030 1228 2104 qui
1257 2035 1315 2091 est
1341 2029 1458 2091 uitae:
1487 2035 1523 2090 et
1548 2030 1634 2093 iu·1s

464 2132 583 2192 dicati
604 2135 691 2191 sunt
715 2130 859 2204 singuli
880 2130 1077 2189 secundnm
1099 2148 1139 2192 ca
1159 2148 1250 2204 quee
1271 2131 1416 2206 scripta
1436 2135 1541 2191 crant
1564 2131 1599 2190 in

464 2233 563 2294 libro
596 2232 793 2295 secundum
829 2247 940 2306 opera
976 2232 1150 2305 ipsorum.
1189 2231 1239 2294 sod
1266 2235 1295 2292 et
1321 2233 1467 2308 apostolus
1495 2233 1599 2294 bonum

465 2335 616 2396 consulens
638 2334 682 2393 sic
701 2334 834 2393 hortatur
858 2350 910 2392 nce
936 2334 1049 2392 dicens:
1076 2350 1177 2392 nemo
1202 2351 1266 2393 nos
1293 2335 1458 2408 decipiat
1483 2335 1602 2394 inani·

463 2437 531 2496 bns
559 2435 702 2495 uerbis:
732 2436 930 2508 propteroa
951 2433 1045 2493 enim
1068 2434 1173 2493 uenit
1194 2435 1251 2493 ira
1271 2433 1337 2494 Dei
1360 2451 1469 2509 snper
1491 2435 1600 2495 filios

465 2536 728 2607 contumaciae,
750 2535 869 2593 nolite
891 2551 970 2595 cess
992 2535 1201 2609 participes
1223 2553 1352 2597 corum.
1607 2561 1634 2602 ιο

414 2653 454 2711 18
507 2646 615 2705 Domus
629 2644 720 2718 igitur
734 2645 804 2703 totis
819 2643 930 2703 uiribus
946 2643 1012 2704 fidoi
1027 2647 1143 2704 nostrae
1156 2644 1217 2705 Deo
1232 2644 1356 2718 leudem,
1371 2645 1471 2705 domus
1485 2647 1598 2720 plenam

464 2747 687 2808 confessionem:
712 2743 940 2820 quandoquidem
962 2762 1049 2820 super
1069 2744 1248 2818 paenitentia
1267 2748 1367 2805 nostra
1381 2748 1523 2820 gaudeant
1539 2747 1600 2806 uir·

464 2850 543 2908 tutos
557 2848 710 2920 ccclonum,
733 2846 877 2920 gaudeant
891 2846 987 2920 angeli
1003 2861 1112 2918 omnes,
1134 2847 1259 2922 gaudem
1274 2849 1303 2906 ct
1319 2846 1460 2920 christus,
1481 2849 1531 2923 qui
1546 2865 1599 2910 noe

464 2951 557 3011 denuo
571 2950 697 3024 peccatis
714 2949 846 3008 oneratos
860 2947 974 3007 delictis
990 2947 1108 3008 obrutos
1122 2947 1209 3021 plene
1220 2951 1249 3008 st
1260 2947 1394 3008 clementi
1406 2949 1599 3011 moderatione

452 3067 578 3130 ¹cessare
601 3067 620 3110 a
640 3049 767 3109 facinore
791 3050 921 3109 hortatur
947 3049 1062 3109 dicens:
1090 3049 1301 3109 conuertitc
1327 3066 1392 3110 uos
1417 3054 1453 3111 et
1478 3052 1633 3112 toditem

464 3152 508 3213 ab
528 3150 793 3227 impietatibus
813 3149 964 3223 uostris,
986 3153 1022 3210 et
1043 3165 1112 3210 non
1128 3152 1359 3211 ernntuobis
1373 3150 1600 3227 iniquitates

465 3257 613 3313 uestrae
640 3254 684 3312 ad
705 3268 865 3326 poenam.
891 3251 1053 3326 proicite
1074 3269 1092 3311 e
1114 3252 1221 3312 uobis
1242 3269 1363 3314 omncs
1383 3254 1600 3329 impietates

465 3358 615 3417 uestras
640 3371 731 3430 quae
755 3354 907 3414 societis
934 3354 1128 3414 aduersum
1149 3359 1251 3415 meet
1271 3355 1387 3416 facite
1413 3355 1519 3416 nobis
1540 3373 1600 3415 cor

464 3475 593 3518 nonum
625 3455 852 3531 ctspiritum
880 3473 1019 3516 nouum.
1057 3459 1149 3517 etut
1177 3456 1264 3532 quid
1293 3474 1357 3518 uos
1387 3457 1498 3518 morti
1526 3463 1599 3517 trs·

466 3558 560 3618 ditis
589 3559 713 3618 domus
742 3558 884 3618 Israeli
915 3574 984 3617 non
1012 3557 1107 3618 enim
1136 3558 1308 3619 desidero
1338 3561 1488 3620 mortem
1517 3576 1635 3634 pec-eo

465 3660 618 3722 catoris.
649 3676 714 3734 ego
740 3677 825 3733 enm,
856 3675 1021 3734 agonum,
1052 3659 1115 3734 qui
1143 3659 1248 3721 doleo
1278 3659 1448 3722 facinora
1475 3663 1538 3722 tna
1563 3663 1600 3720 et

464 3780 535 3824 non
571 3761 877 3823 commemorabor
911 3764 963 3822 te:
993 3764 1032 3820 tu
1062 3765 1183 3822 autem
1212 3761 1249 3821 in
1278 3765 1398 3822 monte
1427 3763 1534 3836 habe,
1564 3767 1601 3823 et

465 3864 681 3924 iudicemus.
711 3863 771 3922 dic
795 3865 834 3922 tu
858 3863 1029 3924 facinore
1054 3867 1118 3924 tua
1142 3864 1257 3940 prius,
1286 3869 1326 3924 ut
1354 3865 1599 3925 iustificeris.

466 3967 534 4026 dum
549 3969 645 4042 putot,
661 3964 783 4042 statues,
799 3964 994 4040 indulgentias
1009 3965 1122 4040 aditus,
1137 3965 1228 4027 Deum
1242 3965 1338 4042 plenis
1352 3966 1599 4028 satisfactionibus

466 4071 660 4146 deprecemur.
674 4068 857 4128 humiliemus
871 4085 924 4129 noe
938 4069 971 4128 ut
985 4069 1109 4128 exaltari
1118 4071 1269 4144 possimne.
1292 4071 1504 4144 acquiescamus
1521 4069 1597 4130 diui·
1609 4086 1634 4128 ee

536 4233 571 4288 ιο
587 4236 670 4303 upon.
687 4233 731 4298 so,
749 4232 859 4288 11-13.
964 4232 997 4287 18
1014 4231 1082 4303 upn.
1101 4235 1127 4298 e,
1145 4233 1169 4287 c.
1188 4233 1212 4287 ι.
1316 4233 1351 4289 aa
1368 4234 1412 4289 m.
1431 4237 1472 4301 18,
1490 4235 1601 4289 ιιι-ιι.

466 4319 745 4384 mmmmm
