<?xml version="1.0" encoding="UTF-8"?>
<!DOCTYPE html PUBLIC "-//W3C//DTD XHTML 1.0 Transitional//EN"
    "http://www.w3.org/TR/xhtml1/DTD/xhtml1-transitional.dtd">
<html xmlns="http://www.w3.org/1999/xhtml" xml:lang="en" lang="en">
 <head>
  <title>
</title>
<meta http-equiv="Content-Type" content="text/html;charset=utf-8" />
  <meta name='ocr-system' content='tesseract 3.04.00' />
  <meta name='ocr-capabilities' content='ocr_page ocr_carea ocr_par ocr_line ocrx_word'/>
</head>
<body>
  <div class='ocr_page' id='page_1' title='image "./sthascicaecilic02cyprgoog_0122.png"; bbox 0 0 4012 5056; ppageno 0'>
   <div class='ocr_carea' id='block_1_1' title="bbox 851 409 1608 489">
    <p class='ocr_par' dir='ltr' id='par_1_1' title="bbox 851 409 1608 489">
     <span class='ocr_line' id='line_1_1' title="bbox 851 409 1608 489; baseline -0.001 -25"><span class='ocrx_word' id='word_1_1' title='bbox 851 410 936 465; x_wconf 81' lang='lat' dir='ltr'><strong>Auta</strong></span> <span class='ocrx_word' id='word_1_2' title='bbox 953 409 1223 465; x_wconf 84' lang='lat' dir='ltr'><strong>Proconsularis</strong></span> <span class='ocrx_word' id='word_1_3' title='bbox 1547 437 1608 489; x_wconf 60' lang='grc' dir='ltr'><strong>σῃ</strong></span> 
     </span>
    </p>
   </div>
   <div class='ocr_carea' id='block_1_2' title="bbox 442 565 1610 1164">
    <p class='ocr_par' dir='ltr' id='par_1_2' title="bbox 442 565 1610 1164">
     <span class='ocr_line' id='line_1_2' title="bbox 463 565 1608 653; baseline 0.005 -19"><span class='ocrx_word' id='word_1_4' title='bbox 463 569 612 634; x_wconf 87' lang='lat' dir='ltr'><strong>suistis</strong></span> <span class='ocrx_word' id='word_1_5' title='bbox 640 567 840 632; x_wconf 85' lang='lat' dir='ltr'><strong>delatores</strong></span> <span class='ocrx_word' id='word_1_6' title='bbox 866 585 939 632; x_wconf 91' lang='lat' dir='ltr'><strong>nou</strong></span> <span class='ocrx_word' id='word_1_7' title='bbox 962 581 1054 630; x_wconf 88' lang='lat' dir='ltr'><strong>esse.</strong></span> <span class='ocrx_word' id='word_1_8' title='bbox 1083 565 1219 648; x_wconf 87' lang='lat' dir='ltr'><strong>itaque</strong></span> <span class='ocrx_word' id='word_1_9' title='bbox 1242 565 1375 653; x_wconf 80' lang='lat' dir='ltr'><strong>detegi</strong></span> <span class='ocrx_word' id='word_1_10' title='bbox 1397 573 1436 635; x_wconf 91' lang='lat' dir='ltr'><strong>et</strong></span> <span class='ocrx_word' id='word_1_11' title='bbox 1457 571 1608 640; x_wconf 80' lang='lat' dir='ltr'><strong>deferri</strong></span> 
     </span>
     <span class='ocr_line' id='line_1_3' title="bbox 448 666 1609 752; baseline 0.003 -15"><span class='ocrx_word' id='word_1_12' title='bbox 448 676 485 737; x_wconf 86' lang='lat' dir='ltr'><strong>&#39;a</strong></span> <span class='ocrx_word' id='word_1_13' title='bbox 512 689 571 736; x_wconf 91' lang='lat' dir='ltr'><strong>me</strong></span> <span class='ocrx_word' id='word_1_14' title='bbox 602 689 676 736; x_wconf 93' lang='lat' dir='ltr'><strong>nou</strong></span> <span class='ocrx_word' id='word_1_15' title='bbox 711 669 883 752; x_wconf 83' lang='lat' dir='ltr'><strong>possunt</strong></span> <span class='ocrx_word' id='word_1_16' title='bbox 921 667 961 733; x_wconf 93' lang='lat' dir='ltr'><strong>in</strong></span> <span class='ocrx_word' id='word_1_17' title='bbox 992 666 1234 734; x_wconf 90' lang='lat' dir='ltr'><strong>ciuitatibus</strong></span> <span class='ocrx_word' id='word_1_18' title='bbox 1270 670 1400 736; x_wconf 90' lang='lat' dir='ltr'><strong>autem</strong></span> <span class='ocrx_word' id='word_1_19' title='bbox 1436 673 1519 738; x_wconf 90' lang='lat' dir='ltr'><strong>suis</strong></span> <span class='ocrx_word' id='word_1_20' title='bbox 1551 675 1609 742; x_wconf 91' lang='lat' dir='ltr'><strong>in·</strong></span> 
     </span>
     <span class='ocr_line' id='line_1_4' title="bbox 463 769 1608 856; baseline 0.005 -17"><span class='ocrx_word' id='word_1_21' title='bbox 463 772 689 839; x_wconf 88' lang='lat' dir='ltr'><strong>uenientur.</strong></span> <span class='ocrx_word' id='word_1_22' title='bbox 719 771 874 839; x_wconf 78' lang='lat' dir='ltr'><strong>Paternus</strong></span> <span class='ocrx_word' id='word_1_23' title='bbox 901 769 1066 853; x_wconf 92' lang='lat' dir='ltr'><strong>proconsul</strong></span> <span class='ocrx_word' id='word_1_24' title='bbox 1088 771 1183 838; x_wconf 81' lang='lat' dir='ltr'>dixit:</span> <span class='ocrx_word' id='word_1_25' title='bbox 1212 789 1271 856; x_wconf 80' lang='lat' dir='ltr'><strong>¹ego</strong></span> <span class='ocrx_word' id='word_1_26' title='bbox 1292 771 1386 840; x_wconf 84' lang='lat' dir='ltr'><strong>helie</strong></span> <span class='ocrx_word' id='word_1_27' title='bbox 1407 775 1440 840; x_wconf 86' lang='lat' dir='ltr'><strong>iu</strong></span> <span class='ocrx_word' id='word_1_28' title='bbox 1462 775 1608 846; x_wconf 90' lang='lat' dir='ltr'><strong>hocloco</strong></span> 
     </span>
     <span class='ocr_line' id='line_1_5' title="bbox 465 873 1610 959; baseline 0.004 -18"><span class='ocrx_word' id='word_1_29' title='bbox 465 876 600 959; x_wconf 77' lang='lat' dir='ltr'>exquiro.</span> <span class='ocrx_word' id='word_1_30' title='bbox 631 873 806 958; x_wconf 71' lang='lat' dir='ltr'><strong>Cyprianus</strong></span> <span class='ocrx_word' id='word_1_31' title='bbox 828 873 924 939; x_wconf 82' lang='lat' dir='ltr'><strong>dixit:</strong></span> <span class='ocrx_word' id='word_1_32' title='bbox 953 891 1038 938; x_wconf 92' lang='lat' dir='ltr'><strong>cum</strong></span> <span class='ocrx_word' id='word_1_33' title='bbox 1067 873 1287 958; x_wconf 73' lang='lat' dir='ltr'>disciplina</span> <span class='ocrx_word' id='word_1_34' title='bbox 1313 877 1536 959; x_wconf 83' lang='lat' dir='ltr'><strong>probibeat,</strong></span> <span class='ocrx_word' id='word_1_35' title='bbox 1567 881 1610 946; x_wconf 91' lang='lat' dir='ltr'><strong>ut</strong></span> 
     </span>
     <span class='ocr_line' id='line_1_6' title="bbox 442 974 1609 1061; baseline 0.007 -20"><span class='ocrx_word' id='word_1_36' title='bbox 442 977 553 1061; x_wconf 83' lang='lat' dir='ltr'><strong>aquis</strong></span> <span class='ocrx_word' id='word_1_37' title='bbox 581 995 622 1043; x_wconf 93' lang='lat' dir='ltr'><strong>se</strong></span> <span class='ocrx_word' id='word_1_38' title='bbox 649 977 755 1042; x_wconf 92' lang='lat' dir='ltr'><strong>ultro</strong></span> <span class='ocrx_word' id='word_1_39' title='bbox 784 974 933 1042; x_wconf 86' lang='lat' dir='ltr'><strong>oiiarat</strong></span> <span class='ocrx_word' id='word_1_40' title='bbox 959 975 997 1040; x_wconf 92' lang='lat' dir='ltr'><strong>et</strong></span> <span class='ocrx_word' id='word_1_41' title='bbox 1024 975 1115 1041; x_wconf 92' lang='lat' dir='ltr'><strong>tuas</strong></span> <span class='ocrx_word' id='word_1_42' title='bbox 1144 995 1294 1060; x_wconf 88' lang='lat' dir='ltr'><strong>quoque</strong></span> <span class='ocrx_word' id='word_1_43' title='bbox 1324 997 1509 1048; x_wconf 86' lang='lat' dir='ltr'><strong>censurae</strong></span> <span class='ocrx_word' id='word_1_44' title='bbox 1538 981 1609 1049; x_wconf 91' lang='lat' dir='ltr'><strong>hoo</strong></span> 
     </span>
     <span class='ocr_line' id='line_1_7' title="bbox 464 1077 1610 1164; baseline 0.003 -18"><span class='ocrx_word' id='word_1_45' title='bbox 464 1079 710 1164; x_wconf 55' lang='lat' dir='ltr'><strong>displiceats</strong></span> <span class='ocrx_word' id='word_1_46' title='bbox 728 1097 797 1145; x_wconf 92' lang='lat' dir='ltr'><strong>uec</strong></span> <span class='ocrx_word' id='word_1_47' title='bbox 818 1077 965 1146; x_wconf 87' lang='lat' dir='ltr'><strong>oiierre</strong></span> <span class='ocrx_word' id='word_1_48' title='bbox 987 1077 1126 1162; x_wconf 90' lang='lat' dir='ltr'><strong>seipsi</strong></span> <span class='ocrx_word' id='word_1_49' title='bbox 1148 1082 1329 1163; x_wconf 81' lang='lat' dir='ltr'><strong>possunt,</strong></span> <span class='ocrx_word' id='word_1_50' title='bbox 1357 1084 1427 1149; x_wconf 83' lang='lat' dir='ltr'><strong>seri</strong></span> <span class='ocrx_word' id='word_1_51' title='bbox 1449 1102 1469 1150; x_wconf 91' lang='lat' dir='ltr'><strong>a</strong></span> <span class='ocrx_word' id='word_1_52' title='bbox 1489 1086 1527 1150; x_wconf 91' lang='lat' dir='ltr'><strong>te</strong></span> <span class='ocrx_word' id='word_1_53' title='bbox 1549 1103 1610 1152; x_wconf 82' lang='lat' dir='ltr'><strong>ex·</strong></span> 
     </span>
    </p>
   </div>
   <div class='ocr_carea' id='block_1_3' title="bbox 429 1284 1638 3206">
    <p class='ocr_par' dir='ltr' id='par_1_3' title="bbox 429 1284 1638 3206">
     <span class='ocr_line' id='line_1_8' title="bbox 464 1284 1609 1370; baseline 0.005 -19"><span class='ocrx_word' id='word_1_54' title='bbox 464 1285 641 1351; x_wconf 91' lang='lat' dir='ltr'><strong>uenientur.</strong></span> <span class='ocrx_word' id='word_1_55' title='bbox 668 1285 701 1351; x_wconf 87' lang='lat' dir='ltr'><strong>et</strong></span> <span class='ocrx_word' id='word_1_56' title='bbox 720 1284 851 1350; x_wconf 85' lang='lat' dir='ltr'><strong>adiecit:</strong></span> <span class='ocrx_word' id='word_1_57' title='bbox 873 1284 1096 1368; x_wconf 88' lang='lat' dir='ltr'><strong>praeceperunt</strong></span> <span class='ocrx_word' id='word_1_58' title='bbox 1117 1285 1225 1364; x_wconf 86' lang='lat' dir='ltr'><strong>etiarn,</strong></span> <span class='ocrx_word' id='word_1_59' title='bbox 1246 1305 1287 1352; x_wconf 90' lang='lat' dir='ltr'><strong>ne</strong></span> <span class='ocrx_word' id='word_1_60' title='bbox 1306 1287 1510 1370; x_wconf 89' lang='lat' dir='ltr'><strong>inaliquibus</strong></span> <span class='ocrx_word' id='word_1_61' title='bbox 1531 1290 1609 1358; x_wconf 91' lang='lat' dir='ltr'><strong>locis</strong></span> 
     </span>
     <span class='ocr_line' id='line_1_9' title="bbox 465 1386 1609 1474; baseline 0.004 -20"><span class='ocrx_word' id='word_1_62' title='bbox 465 1387 673 1454; x_wconf 88' lang='lat' dir='ltr'><strong>conciliabula</strong></span> <span class='ocrx_word' id='word_1_63' title='bbox 686 1386 764 1452; x_wconf 88' lang='lat' dir='ltr'><strong>fiant</strong></span> <span class='ocrx_word' id='word_1_64' title='bbox 778 1404 836 1451; x_wconf 91' lang='lat' dir='ltr'><strong>uec</strong></span> <span class='ocrx_word' id='word_1_65' title='bbox 849 1387 1035 1452; x_wconf 89' lang='lat' dir='ltr'><strong>coemeteria</strong></span> <span class='ocrx_word' id='word_1_66' title='bbox 1049 1387 1277 1472; x_wconf 82' lang='lat' dir='ltr'><strong>ingrediantur.</strong></span> <span class='ocrx_word' id='word_1_67' title='bbox 1300 1389 1329 1455; x_wconf 91' lang='lat' dir='ltr'><strong>si</strong></span> <span class='ocrx_word' id='word_1_68' title='bbox 1343 1391 1414 1472; x_wconf 90' lang='lat' dir='ltr'><strong>quis</strong></span> <span class='ocrx_word' id='word_1_69' title='bbox 1428 1389 1535 1474; x_wconf 87' lang='lat' dir='ltr'><strong>itaque</strong></span> <span class='ocrx_word' id='word_1_70' title='bbox 1550 1393 1609 1459; x_wconf 90' lang='lat' dir='ltr'><strong>hoc</strong></span> 
     </span>
     <span class='ocr_line' id='line_1_10' title="bbox 430 1489 1608 1578; baseline 0.01 -28"><span class='ocrx_word' id='word_1_71' title='bbox 430 1489 532 1556; x_wconf 79' lang='lat' dir='ltr'><strong>astam</strong></span> <span class='ocrx_word' id='word_1_72' title='bbox 541 1490 666 1556; x_wconf 91' lang='lat' dir='ltr'><strong>salubre</strong></span> <span class='ocrx_word' id='word_1_73' title='bbox 673 1490 876 1574; x_wconf 87' lang='lat' dir='ltr'><strong>praeceptum</strong></span> <span class='ocrx_word' id='word_1_74' title='bbox 884 1508 946 1555; x_wconf 93' lang='lat' dir='ltr'><strong>non</strong></span> <span class='ocrx_word' id='word_1_75' title='bbox 954 1489 1180 1570; x_wconf 88' lang='lat' dir='ltr'><strong>obseruauerit‚</strong></span> <span class='ocrx_word' id='word_1_76' title='bbox 1192 1490 1465 1574; x_wconf 87' lang='lat' dir='ltr'><strong>eapiteplectetur.</strong></span> <span class='ocrx_word' id='word_1_77' title='bbox 1478 1492 1608 1578; x_wconf 80' lang='lat' dir='ltr'><strong>cypria·</strong></span> 
     </span>
     <span class='ocr_line' id='line_1_11' title="bbox 465 1590 1564 1677; baseline 0.006 -21"><span class='ocrx_word' id='word_1_78' title='bbox 465 1609 524 1656; x_wconf 88' lang='lat' dir='ltr'><strong>uus</strong></span> <span class='ocrx_word' id='word_1_79' title='bbox 539 1591 886 1674; x_wconf 86' lang='lat' dir='ltr'><strong>epiecopoersspoudit:</strong></span> <span class='ocrx_word' id='word_1_80' title='bbox 911 1590 973 1656; x_wconf 79' lang='lat' dir='ltr'><strong>iac</strong></span> <span class='ocrx_word' id='word_1_81' title='bbox 995 1592 1097 1674; x_wconf 88' lang='lat' dir='ltr'><strong>quod</strong></span> <span class='ocrx_word' id='word_1_82' title='bbox 1120 1591 1197 1657; x_wconf 93' lang='lat' dir='ltr'><strong>tibi</strong></span> <span class='ocrx_word' id='word_1_83' title='bbox 1218 1595 1473 1677; x_wconf 89' lang='lat' dir='ltr'><strong>praeceptum</strong></span> <span class='ocrx_word' id='word_1_84' title='bbox 1494 1598 1564 1663; x_wconf 84' lang='lat' dir='ltr'><strong>est</strong></span> 
     </span>
     <span class='ocr_line' id='line_1_12' title="bbox 508 1693 1638 1782; baseline 0.002 -24"><span class='ocrx_word' id='word_1_85' title='bbox 508 1693 597 1760; x_wconf 79' lang='lat' dir='ltr'><strong>&#39;luno</strong></span> <span class='ocrx_word' id='word_1_86' title='bbox 611 1693 765 1758; x_wconf 85' lang='lat' dir='ltr'><strong>Paternus</strong></span> <span class='ocrx_word' id='word_1_87' title='bbox 785 1693 950 1777; x_wconf 88' lang='lat' dir='ltr'><strong>proconsul</strong></span> <span class='ocrx_word' id='word_1_88' title='bbox 970 1693 1066 1758; x_wconf 89' lang='lat' dir='ltr'><strong>iussit</strong></span> <span class='ocrx_word' id='word_1_89' title='bbox 1080 1693 1208 1760; x_wconf 89' lang='lat' dir='ltr'><strong>beatum</strong></span> <span class='ocrx_word' id='word_1_90' title='bbox 1223 1693 1414 1778; x_wconf 74' lang='lat' dir='ltr'><strong>cyprianum</strong></span> <span class='ocrx_word' id='word_1_91' title='bbox 1429 1697 1638 1782; x_wconf 72' lang='lat' dir='ltr'><strong>episcopumt</strong></span> 
     </span>
     <span class='ocr_line' id='line_1_13' title="bbox 464 1793 1609 1878; baseline 0.002 -18"><span class='ocrx_word' id='word_1_92' title='bbox 464 1793 498 1860; x_wconf 93' lang='lat' dir='ltr'><strong>iu</strong></span> <span class='ocrx_word' id='word_1_93' title='bbox 521 1793 651 1862; x_wconf 86' lang='lat' dir='ltr'><strong>exilium</strong></span> <span class='ocrx_word' id='word_1_94' title='bbox 681 1795 848 1878; x_wconf 85' lang='lat' dir='ltr'><strong>deportari.</strong></span> <span class='ocrx_word' id='word_1_95' title='bbox 875 1813 1009 1876; x_wconf 87' lang='lat' dir='ltr'><strong>cumque</strong></span> <span class='ocrx_word' id='word_1_96' title='bbox 1031 1794 1087 1860; x_wconf 93' lang='lat' dir='ltr'><strong>diu</strong></span> <span class='ocrx_word' id='word_1_97' title='bbox 1108 1795 1227 1860; x_wconf 88' lang='lat' dir='ltr'><strong>ibidem</strong></span> <span class='ocrx_word' id='word_1_98' title='bbox 1250 1799 1434 1877; x_wconf 82' lang='lat' dir='ltr'><strong>moraretur,</strong></span> <span class='ocrx_word' id='word_1_99' title='bbox 1460 1800 1609 1866; x_wconf 77' lang='lat' dir='ltr'><strong>suomssit</strong></span> 
     </span>
     <span class='ocr_line' id='line_1_14' title="bbox 465 1895 1607 1984; baseline 0.004 -22"><span class='ocrx_word' id='word_1_100' title='bbox 465 1898 598 1981; x_wconf 80' lang='lat' dir='ltr'><strong>Aspasio</strong></span> <span class='ocrx_word' id='word_1_101' title='bbox 623 1897 759 1964; x_wconf 89' lang='lat' dir='ltr'><strong>Paterno</strong></span> <span class='ocrx_word' id='word_1_102' title='bbox 787 1897 964 1981; x_wconf 77' lang='lat' dir='ltr'><strong>proconsuli</strong></span> <span class='ocrx_word' id='word_1_103' title='bbox 990 1895 1136 1963; x_wconf 81' lang='lat' dir='ltr'><strong>Galerius</strong></span> <span class='ocrx_word' id='word_1_104' title='bbox 1161 1899 1319 1966; x_wconf 84' lang='lat' dir='ltr'><strong>Maximus</strong></span> <span class='ocrx_word' id='word_1_105' title='bbox 1347 1901 1522 1981; x_wconf 86' lang='lat' dir='ltr'><strong>proconsul,</strong></span> <span class='ocrx_word' id='word_1_106' title='bbox 1553 1903 1607 1984; x_wconf 87' lang='lat' dir='ltr'><strong>qui</strong></span> 
     </span>
     <span class='ocr_line' id='line_1_15' title="bbox 430 1999 1609 2085; baseline 0.006 -23"><span class='ocrx_word' id='word_1_107' title='bbox 430 2002 610 2066; x_wconf 82' lang='lat' dir='ltr'><strong>resauctum</strong></span> <span class='ocrx_word' id='word_1_108' title='bbox 625 1999 816 2085; x_wconf 78' lang='lat' dir='ltr'><strong>Cyprianum</strong></span> <span class='ocrx_word' id='word_1_109' title='bbox 838 2000 1017 2083; x_wconf 89' lang='lat' dir='ltr'><strong>episcopum</strong></span> <span class='ocrx_word' id='word_1_110' title='bbox 1038 1999 1078 2066; x_wconf 92' lang='lat' dir='ltr'><strong>ab</strong></span> <span class='ocrx_word' id='word_1_111' title='bbox 1100 2001 1210 2066; x_wconf 73' lang='lat' dir='ltr'><strong>erulis</strong></span> <span class='ocrx_word' id='word_1_112' title='bbox 1232 2001 1409 2068; x_wconf 88' lang='lat' dir='ltr'><strong>reuocatum</strong></span> <span class='ocrx_word' id='word_1_113' title='bbox 1432 2001 1494 2068; x_wconf 91' lang='lat' dir='ltr'><strong>sibi</strong></span> <span class='ocrx_word' id='word_1_114' title='bbox 1513 2003 1609 2070; x_wconf 87' lang='lat' dir='ltr'><strong>iussit</strong></span> 
     </span>
     <span class='ocr_line' id='line_1_16' title="bbox 464 2101 1609 2188; baseline 0.003 -19"><span class='ocrx_word' id='word_1_115' title='bbox 464 2103 667 2184; x_wconf 89' lang='lat' dir='ltr'><strong>praesentari.</strong></span> <span class='ocrx_word' id='word_1_116' title='bbox 689 2121 823 2185; x_wconf 88' lang='lat' dir='ltr'><strong>cumque</strong></span> <span class='ocrx_word' id='word_1_117' title='bbox 837 2101 1009 2186; x_wconf 75' lang='lat' dir='ltr'><strong>Cyprianus</strong></span> <span class='ocrx_word' id='word_1_118' title='bbox 1030 2104 1158 2170; x_wconf 87' lang='lat' dir='ltr'><strong>sanctus</strong></span> <span class='ocrx_word' id='word_1_119' title='bbox 1178 2105 1300 2188; x_wconf 87' lang='lat' dir='ltr'><strong>martyr</strong></span> <span class='ocrx_word' id='word_1_120' title='bbox 1319 2104 1437 2170; x_wconf 79' lang='lat' dir='ltr'><strong>sisoius</strong></span> <span class='ocrx_word' id='word_1_121' title='bbox 1452 2105 1551 2172; x_wconf 90' lang='lat' dir='ltr'><strong>aDeo</strong></span> <span class='ocrx_word' id='word_1_122' title='bbox 1569 2105 1609 2172; x_wconf 84' lang='lat' dir='ltr'><strong>(le</strong></span> 
     </span>
     <span class='ocr_line' id='line_1_17' title="bbox 465 2203 1607 2290; baseline 0.003 -21"><span class='ocrx_word' id='word_1_123' title='bbox 465 2204 597 2270; x_wconf 71' lang='lat' dir='ltr'><strong>eurota</strong></span> <span class='ocrx_word' id='word_1_124' title='bbox 611 2203 814 2282; x_wconf 78' lang='lat' dir='ltr'><strong>(inrutilans,</strong></span> <span class='ocrx_word' id='word_1_125' title='bbox 837 2205 871 2268; x_wconf 94' lang='lat' dir='ltr'><strong>in</strong></span> <span class='ocrx_word' id='word_1_126' title='bbox 893 2223 954 2287; x_wconf 87' lang='lat' dir='ltr'><strong>qua</strong></span> <span class='ocrx_word' id='word_1_127' title='bbox 974 2203 1084 2269; x_wconf 81' lang='lat' dir='ltr'><strong>exsilio</strong></span> <span class='ocrx_word' id='word_1_128' title='bbox 1105 2222 1142 2269; x_wconf 88' lang='lat' dir='ltr'><strong>ex</strong></span> <span class='ocrx_word' id='word_1_129' title='bbox 1156 2207 1320 2288; x_wconf 85' lang='lat' dir='ltr'><strong>praecepto</strong></span> <span class='ocrx_word' id='word_1_130' title='bbox 1334 2206 1463 2290; x_wconf 78' lang='lat' dir='ltr'><strong>Aspasii</strong></span> <span class='ocrx_word' id='word_1_131' title='bbox 1478 2206 1607 2272; x_wconf 91' lang='lat' dir='ltr'><strong>Paterni</strong></span> 
     </span>
     <span class='ocr_line' id='line_1_18' title="bbox 465 2306 1608 2394; baseline 0.003 -23"><span class='ocrx_word' id='word_1_132' title='bbox 465 2308 542 2372; x_wconf 89' lang='lat' dir='ltr'><strong>tunc</strong></span> <span class='ocrx_word' id='word_1_133' title='bbox 561 2307 754 2388; x_wconf 78' lang='lat' dir='ltr'><strong>proconsulis</strong></span> <span class='ocrx_word' id='word_1_134' title='bbox 770 2307 863 2372; x_wconf 89' lang='lat' dir='ltr'><strong>datus</strong></span> <span class='ocrx_word' id='word_1_135' title='bbox 878 2306 990 2384; x_wconf 76' lang='lat' dir='ltr'><strong>isserat,</strong></span> <span class='ocrx_word' id='word_1_136' title='bbox 1011 2325 1171 2392; x_wconf 72' lang='lat' dir='ltr'><strong>regressus</strong></span> <span class='ocrx_word' id='word_1_137' title='bbox 1186 2307 1277 2386; x_wconf 79' lang='lat' dir='ltr'><strong>esset,</strong></span> <span class='ocrx_word' id='word_1_138' title='bbox 1293 2326 1331 2373; x_wconf 85' lang='lat' dir='ltr'><strong>ex</strong></span> <span class='ocrx_word' id='word_1_139' title='bbox 1344 2325 1430 2374; x_wconf 90' lang='lat' dir='ltr'><strong>sacro</strong></span> <span class='ocrx_word' id='word_1_140' title='bbox 1445 2309 1608 2394; x_wconf 89' lang='lat' dir='ltr'><strong>praecepto</strong></span> 
     </span>
     <span class='ocr_line' id='line_1_19' title="bbox 465 2407 1607 2492; baseline 0.004 -20"><span class='ocrx_word' id='word_1_141' title='bbox 465 2407 500 2472; x_wconf 92' lang='lat' dir='ltr'><strong>in</strong></span> <span class='ocrx_word' id='word_1_142' title='bbox 516 2409 583 2473; x_wconf 88' lang='lat' dir='ltr'><strong>suis</strong></span> <span class='ocrx_word' id='word_1_143' title='bbox 606 2408 706 2474; x_wconf 91' lang='lat' dir='ltr'><strong>bortis</strong></span> <span class='ocrx_word' id='word_1_144' title='bbox 728 2408 877 2475; x_wconf 88' lang='lat' dir='ltr'><strong>manebat</strong></span> <span class='ocrx_word' id='word_1_145' title='bbox 897 2409 930 2475; x_wconf 91' lang='lat' dir='ltr'><strong>st</strong></span> <span class='ocrx_word' id='word_1_146' title='bbox 949 2409 1022 2472; x_wconf 87' lang='lat' dir='ltr'><strong>iude</strong></span> <span class='ocrx_word' id='word_1_147' title='bbox 1047 2409 1188 2490; x_wconf 85' lang='lat' dir='ltr'><strong>quotidie</strong></span> <span class='ocrx_word' id='word_1_148' title='bbox 1209 2409 1355 2492; x_wconf 89' lang='lat' dir='ltr'><strong>sperabat</strong></span> <span class='ocrx_word' id='word_1_149' title='bbox 1378 2411 1479 2476; x_wconf 91' lang='lat' dir='ltr'><strong>ueniri</strong></span> <span class='ocrx_word' id='word_1_150' title='bbox 1501 2410 1542 2476; x_wconf 87' lang='lat' dir='ltr'><strong>ad</strong></span> <span class='ocrx_word' id='word_1_151' title='bbox 1563 2429 1607 2490; x_wconf 84' lang='lat' dir='ltr'><strong>se,</strong></span> 
     </span>
     <span class='ocr_line' id='line_1_20' title="bbox 429 2508 1608 2606; baseline 0.002 -31"><span class='ocrx_word' id='word_1_152' title='bbox 429 2510 551 2578; x_wconf 68' lang='lat' dir='ltr'><strong>nuent</strong></span> <span class='ocrx_word' id='word_1_153' title='bbox 575 2509 627 2575; x_wconf 90' lang='lat' dir='ltr'><strong>illi</strong></span> <span class='ocrx_word' id='word_1_154' title='bbox 653 2512 812 2576; x_wconf 89' lang='lat' dir='ltr'><strong>ostensum</strong></span> <span class='ocrx_word' id='word_1_155' title='bbox 838 2509 955 2575; x_wconf 87' lang='lat' dir='ltr'><strong>iuerat:</strong></span> <span class='ocrx_word' id='word_1_156' title='bbox 982 2508 1015 2575; x_wconf 91' lang='lat' dir='ltr'><strong>et</strong></span> <span class='ocrx_word' id='word_1_157' title='bbox 1041 2527 1113 2606; x_wconf 88' lang='lat' dir='ltr'><strong>oum</strong></span> <span class='ocrx_word' id='word_1_158' title='bbox 1138 2509 1208 2576; x_wconf 94' lang='lat' dir='ltr'><strong>illio</strong></span> <span class='ocrx_word' id='word_1_159' title='bbox 1232 2510 1455 2589; x_wconf 81' lang='lat' dir='ltr'><strong>demoraretur,</strong></span> <span class='ocrx_word' id='word_1_160' title='bbox 1481 2513 1608 2594; x_wconf 88' lang='lat' dir='ltr'><strong>repente</strong></span> 
     </span>
     <span class='ocr_line' id='line_1_21' title="bbox 468 2611 1610 2697; baseline -0.001 -18"><span class='ocrx_word' id='word_1_161' title='bbox 468 2613 574 2679; x_wconf 83' lang='lat' dir='ltr'><strong>idibus</strong></span> <span class='ocrx_word' id='word_1_162' title='bbox 596 2611 788 2697; x_wconf 84' lang='lat' dir='ltr'><strong>Septembris</strong></span> <span class='ocrx_word' id='word_1_163' title='bbox 808 2612 910 2678; x_wconf 78' lang='lat' dir='ltr'><strong>Tusco</strong></span> <span class='ocrx_word' id='word_1_164' title='bbox 931 2619 963 2678; x_wconf 90' lang='lat' dir='ltr'><strong>ot</strong></span> <span class='ocrx_word' id='word_1_165' title='bbox 982 2613 1079 2676; x_wconf 85' lang='lat' dir='ltr'><strong>Besso</strong></span> <span class='ocrx_word' id='word_1_166' title='bbox 1100 2612 1281 2677; x_wconf 90' lang='lat' dir='ltr'><strong>consulibus</strong></span> <span class='ocrx_word' id='word_1_167' title='bbox 1302 2615 1456 2679; x_wconf 87' lang='lat' dir='ltr'><strong>uenerunt</strong></span> <span class='ocrx_word' id='word_1_168' title='bbox 1476 2612 1516 2678; x_wconf 89' lang='lat' dir='ltr'><strong>ad</strong></span> <span class='ocrx_word' id='word_1_169' title='bbox 1537 2632 1610 2696; x_wconf 90' lang='lat' dir='ltr'><strong>eum</strong></span> 
     </span>
     <span class='ocr_line' id='line_1_22' title="bbox 469 2712 1609 2798; baseline 0 -18"><span class='ocrx_word' id='word_1_170' title='bbox 469 2715 624 2798; x_wconf 89' lang='lat' dir='ltr'><strong>principes</strong></span> <span class='ocrx_word' id='word_1_171' title='bbox 645 2713 716 2792; x_wconf 81' lang='lat' dir='ltr'><strong>duo,</strong></span> <span class='ocrx_word' id='word_1_172' title='bbox 738 2731 820 2780; x_wconf 90' lang='lat' dir='ltr'><strong>uuus</strong></span> <span class='ocrx_word' id='word_1_173' title='bbox 840 2714 956 2779; x_wconf 77' lang='lat' dir='ltr'><strong>stator·</strong></span> <span class='ocrx_word' id='word_1_174' title='bbox 967 2713 1061 2780; x_wconf 88' lang='lat' dir='ltr'><strong>officii</strong></span> <span class='ocrx_word' id='word_1_175' title='bbox 1079 2712 1187 2780; x_wconf 81' lang='lat' dir='ltr'><strong>Galeri</strong></span> <span class='ocrx_word' id='word_1_176' title='bbox 1201 2714 1333 2780; x_wconf 83' lang='lat' dir='ltr'><strong>Maximi</strong></span> <span class='ocrx_word' id='word_1_177' title='bbox 1347 2715 1540 2798; x_wconf 76' lang='lat' dir='ltr'><strong>proconsulis</strong></span> <span class='ocrx_word' id='word_1_178' title='bbox 1555 2715 1609 2798; x_wconf 87' lang='lat' dir='ltr'><strong>qui</strong></span> 
     </span>
     <span class='ocr_line' id='line_1_23' title="bbox 468 2815 1609 2899; baseline -0.001 -18"><span class='ocrx_word' id='word_1_179' title='bbox 468 2816 605 2899; x_wconf 80' lang='lat' dir='ltr'><strong>Aspasio</strong></span> <span class='ocrx_word' id='word_1_180' title='bbox 619 2815 753 2881; x_wconf 91' lang='lat' dir='ltr'><strong>Paterno</strong></span> <span class='ocrx_word' id='word_1_181' title='bbox 773 2817 962 2881; x_wconf 80' lang='lat' dir='ltr'><strong>successerat</strong></span> <span class='ocrx_word' id='word_1_182' title='bbox 976 2817 1009 2880; x_wconf 92' lang='lat' dir='ltr'><strong>et</strong></span> <span class='ocrx_word' id='word_1_183' title='bbox 1023 2815 1107 2880; x_wconf 88' lang='lat' dir='ltr'><strong>alius</strong></span> <span class='ocrx_word' id='word_1_184' title='bbox 1122 2816 1312 2898; x_wconf 87' lang='lat' dir='ltr'><strong>equistrator</strong></span> <span class='ocrx_word' id='word_1_185' title='bbox 1326 2835 1346 2881; x_wconf 92' lang='lat' dir='ltr'><strong>a</strong></span> <span class='ocrx_word' id='word_1_186' title='bbox 1360 2816 1509 2881; x_wconf 89' lang='lat' dir='ltr'><strong>custodiis</strong></span> <span class='ocrx_word' id='word_1_187' title='bbox 1526 2817 1609 2881; x_wconf 90' lang='lat' dir='ltr'><strong>sios·</strong></span> 
     </span>
     <span class='ocr_line' id='line_1_24' title="bbox 469 2917 1610 3005; baseline 0 -22"><span class='ocrx_word' id='word_1_188' title='bbox 469 2919 542 2984; x_wconf 87' lang='lat' dir='ltr'><strong>dem</strong></span> <span class='ocrx_word' id='word_1_189' title='bbox 567 2918 672 2984; x_wconf 85' lang='lat' dir='ltr'><strong>officii.</strong></span> <span class='ocrx_word' id='word_1_190' title='bbox 698 2917 753 3000; x_wconf 89' lang='lat' dir='ltr'><strong>qui</strong></span> <span class='ocrx_word' id='word_1_191' title='bbox 774 2918 807 2983; x_wconf 91' lang='lat' dir='ltr'><strong>et</strong></span> <span class='ocrx_word' id='word_1_192' title='bbox 827 2917 861 2983; x_wconf 93' lang='lat' dir='ltr'><strong>iu</strong></span> <span class='ocrx_word' id='word_1_193' title='bbox 881 2917 1072 2984; x_wconf 83' lang='lat' dir='ltr'><strong>curriculum</strong></span> <span class='ocrx_word' id='word_1_194' title='bbox 1097 2936 1170 2983; x_wconf 92' lang='lat' dir='ltr'><strong>eum</strong></span> <span class='ocrx_word' id='word_1_195' title='bbox 1191 2917 1378 3005; x_wconf 84' lang='lat' dir='ltr'><strong>leuauerunt</strong></span> <span class='ocrx_word' id='word_1_196' title='bbox 1397 2918 1432 2982; x_wconf 88' lang='lat' dir='ltr'><strong>iu</strong></span> <span class='ocrx_word' id='word_1_197' title='bbox 1446 2917 1610 3000; x_wconf 82' lang='lat' dir='ltr'><strong>medioque</strong></span> 
     </span>
     <span class='ocr_line' id='line_1_25' title="bbox 432 3015 1610 3102; baseline -0.003 -15"><span class='ocrx_word' id='word_1_198' title='bbox 432 3045 460 3087; x_wconf 78' lang='lat' dir='ltr'><strong>aa</strong></span> <span class='ocrx_word' id='word_1_199' title='bbox 469 3020 642 3102; x_wconf 89' lang='lat' dir='ltr'><strong>posueruut</strong></span> <span class='ocrx_word' id='word_1_200' title='bbox 662 3020 695 3084; x_wconf 88' lang='lat' dir='ltr'><strong>et</strong></span> <span class='ocrx_word' id='word_1_201' title='bbox 715 3018 749 3084; x_wconf 92' lang='lat' dir='ltr'><strong>in</strong></span> <span class='ocrx_word' id='word_1_202' title='bbox 764 3017 851 3085; x_wconf 72' lang='lat' dir='ltr'><strong>Sesti</strong></span> <span class='ocrx_word' id='word_1_203' title='bbox 870 3019 1090 3101; x_wconf 82' lang='lat' dir='ltr'><strong>perduxerunt,</strong></span> <span class='ocrx_word' id='word_1_204' title='bbox 1112 3018 1168 3084; x_wconf 91' lang='lat' dir='ltr'><strong>ubi</strong></span> <span class='ocrx_word' id='word_1_205' title='bbox 1188 3018 1275 3084; x_wconf 87' lang='lat' dir='ltr'><strong>idem</strong></span> <span class='ocrx_word' id='word_1_206' title='bbox 1290 3015 1432 3084; x_wconf 83' lang='lat' dir='ltr'><strong>Galerius</strong></span> <span class='ocrx_word' id='word_1_207' title='bbox 1453 3018 1610 3084; x_wconf 82' lang='lat' dir='ltr'><strong>Maximus</strong></span> 
     </span>
     <span class='ocr_line' id='line_1_26' title="bbox 469 3120 1612 3206; baseline -0.001 -19"><span class='ocrx_word' id='word_1_208' title='bbox 469 3121 636 3206; x_wconf 90' lang='lat' dir='ltr'><strong>proconsul</strong></span> <span class='ocrx_word' id='word_1_209' title='bbox 649 3120 748 3188; x_wconf 89' lang='lat' dir='ltr'><strong>bonae</strong></span> <span class='ocrx_word' id='word_1_210' title='bbox 763 3120 949 3187; x_wconf 83' lang='lat' dir='ltr'><strong>ualitudinis</strong></span> <span class='ocrx_word' id='word_1_211' title='bbox 963 3120 1190 3203; x_wconf 79' lang='lat' dir='ltr'><strong>recupsrmeiae</strong></span> <span class='ocrx_word' id='word_1_212' title='bbox 1205 3121 1309 3205; x_wconf 80' lang='lat' dir='ltr'><strong>gratia</strong></span> <span class='ocrx_word' id='word_1_213' title='bbox 1323 3122 1500 3186; x_wconf 84' lang='lat' dir='ltr'><strong>secesserat.</strong></span> <span class='ocrx_word' id='word_1_214' title='bbox 1517 3122 1550 3186; x_wconf 92' lang='lat' dir='ltr'><strong>et</strong></span> <span class='ocrx_word' id='word_1_215' title='bbox 1563 3120 1612 3186; x_wconf 90' lang='lat' dir='ltr'><strong>ita</strong></span> 
     </span>
    </p>
   </div>
   <div class='ocr_carea' id='block_1_4' title="bbox 469 3322 1610 3478">
    <p class='ocr_par' dir='ltr' id='par_1_4' title="bbox 469 3322 1610 3478">
     <span class='ocr_line' id='line_1_27' title="bbox 523 3322 1610 3394; baseline -0.001 -16"><span class='ocrx_word' id='word_1_216' title='bbox 523 3324 557 3380; x_wconf 82' lang='lat'><strong>13</strong></span> <span class='ocrx_word' id='word_1_217' title='bbox 568 3323 688 3394; x_wconf 86' lang='lat' dir='ltr'><strong>exilium]</strong></span> <span class='ocrx_word' id='word_1_218' title='bbox 706 3323 908 3394; x_wconf 68' lang='lat' dir='ltr'><strong>cfiAopastiai</strong></span> <span class='ocrx_word' id='word_1_219' title='bbox 918 3339 997 3379; x_wconf 81' lang='lat' dir='ltr'><strong>serm.</strong></span> <span class='ocrx_word' id='word_1_220' title='bbox 1011 3326 1067 3379; x_wconf 79' lang='lat'><strong>309</strong></span> <span class='ocrx_word' id='word_1_221' title='bbox 1226 3324 1258 3378; x_wconf 80' lang='lat' dir='ltr'><strong>li</strong></span> <span class='ocrx_word' id='word_1_222' title='bbox 1272 3323 1416 3379; x_wconf 84' lang='lat' dir='ltr'><strong>curubiteu</strong></span> <span class='ocrx_word' id='word_1_223' title='bbox 1428 3323 1471 3388; x_wconf 82' lang='lat' dir='ltr'><strong>M,</strong></span> <span class='ocrx_word' id='word_1_224' title='bbox 1489 3322 1610 3378; x_wconf 89' lang='lat' dir='ltr'><strong>cucurbi-</strong></span> 
     </span>
     <span class='ocr_line' id='line_1_28' title="bbox 469 3407 1580 3478; baseline -0.002 -14"><span class='ocrx_word' id='word_1_225' title='bbox 469 3409 580 3464; x_wconf 84' lang='lat' dir='ltr'><strong>tanaE</strong></span> <span class='ocrx_word' id='word_1_226' title='bbox 703 3407 936 3478; x_wconf 83' lang='lat' dir='ltr'><strong>iu]auE‚st</strong></span> <span class='ocrx_word' id='word_1_227' title='bbox 1055 3423 1181 3466; x_wconf 80' lang='lat' dir='ltr'><strong>exosae</strong></span> <span class='ocrx_word' id='word_1_228' title='bbox 1308 3407 1580 3478; x_wconf 82' lang='lat' dir='ltr'><strong>aspasiilpaseiEM</strong></span> 
     </span>
    </p>
   </div>
   <div class='ocr_carea' id='block_1_5' title="bbox 411 3578 1617 4421">
    <p class='ocr_par' dir='ltr' id='par_1_5' title="bbox 411 3578 1617 4421">
     <span class='ocr_line' id='line_1_29' title="bbox 471 3578 1613 3650; baseline -0.003 -14"><span class='ocrx_word' id='word_1_229' title='bbox 471 3596 607 3650; x_wconf 77' lang='lat' dir='ltr'><strong>regressus</strong></span> <span class='ocrx_word' id='word_1_230' title='bbox 619 3581 685 3636; x_wconf 97' lang='lat' dir='ltr'><strong>EM</strong></span> <span class='ocrx_word' id='word_1_231' title='bbox 813 3595 888 3635; x_wconf 85' lang='lat' dir='ltr'><strong>sacro</strong></span> <span class='ocrx_word' id='word_1_232' title='bbox 900 3581 1029 3650; x_wconf 76' lang='lat' dir='ltr'><strong>roecripto</strong></span> <span class='ocrx_word' id='word_1_233' title='bbox 1042 3581 1198 3650; x_wconf 77' lang='lat' dir='ltr'><strong>specialiter</strong></span> <span class='ocrx_word' id='word_1_234' title='bbox 1209 3581 1262 3635; x_wconf 87' lang='lat' dir='ltr'><strong>boc</strong></span> <span class='ocrx_word' id='word_1_235' title='bbox 1272 3582 1301 3635; x_wconf 84' lang='lat' dir='ltr'><strong>et</strong></span> <span class='ocrx_word' id='word_1_236' title='bbox 1312 3579 1491 3650; x_wconf 81' lang='lat' dir='ltr'><strong>personaliter</strong></span> <span class='ocrx_word' id='word_1_237' title='bbox 1502 3578 1613 3633; x_wconf 77' lang='lat' dir='ltr'><strong>munisse</strong></span> 
     </span>
     <span class='ocr_line' id='line_1_30' title="bbox 411 3665 1579 3736; baseline -0.003 -14"><span class='ocrx_word' id='word_1_238' title='bbox 411 3689 414 3694; x_wconf 93' lang='lat'>·</span> <span class='ocrx_word' id='word_1_239' title='bbox 470 3667 536 3722; x_wconf 88' lang='lat' dir='ltr'><strong>EM</strong></span> <span class='ocrx_word' id='word_1_240' title='bbox 669 3666 882 3722; x_wconf 80' lang='lat' dir='ltr'><strong>liisuissuisE</strong></span> <span class='ocrx_word' id='word_1_241' title='bbox 1012 3665 1579 3736; x_wconf 76' lang='lat' dir='ltr'><strong>stEMatAupaetisessstc.sa.2,om.o</strong></span> 
     </span>
     <span class='ocr_line' id='line_1_31' title="bbox 471 3747 1612 3823; baseline -0.004 -15"><span class='ocrx_word' id='word_1_242' title='bbox 471 3753 535 3809; x_wconf 85' lang='lat' dir='ltr'><strong>inde</strong></span> <span class='ocrx_word' id='word_1_243' title='bbox 551 3751 673 3823; x_wconf 84' lang='lat' dir='ltr'><strong>quotidie</strong></span> <span class='ocrx_word' id='word_1_244' title='bbox 692 3752 817 3822; x_wconf 85' lang='lat' dir='ltr'><strong>sperabat</strong></span> <span class='ocrx_word' id='word_1_245' title='bbox 828 3752 914 3806; x_wconf 88' lang='lat' dir='ltr'><strong>ueniri</strong></span> <span class='ocrx_word' id='word_1_246' title='bbox 926 3751 960 3806; x_wconf 88' lang='lat' dir='ltr'><strong>ad</strong></span> <span class='ocrx_word' id='word_1_247' title='bbox 972 3751 1085 3806; x_wconf 86' lang='lat' dir='ltr'><strong>sesicut</strong></span> <span class='ocrx_word' id='word_1_248' title='bbox 1097 3755 1233 3807; x_wconf 83' lang='lat' dir='ltr'><strong>ostensum</strong></span> <span class='ocrx_word' id='word_1_249' title='bbox 1245 3750 1290 3805; x_wconf 88' lang='lat' dir='ltr'><strong>illi</strong></span> <span class='ocrx_word' id='word_1_250' title='bbox 1302 3751 1361 3805; x_wconf 86' lang='lat' dir='ltr'><strong>erat</strong></span> <span class='ocrx_word' id='word_1_251' title='bbox 1371 3750 1555 3822; x_wconf 66' lang='lat' dir='ltr'><strong>depastione,</strong></span> <span class='ocrx_word' id='word_1_252' title='bbox 1576 3747 1612 3803; x_wconf 80' lang='lat' dir='ltr'><strong>aul</strong></span> 
     </span>
     <span class='ocr_line' id='line_1_32' title="bbox 472 3833 1613 3906; baseline -0.004 -13"><span class='ocrx_word' id='word_1_253' title='bbox 472 3837 542 3893; x_wconf 81' lang='lat' dir='ltr'><strong>diem</strong></span> <span class='ocrx_word' id='word_1_254' title='bbox 556 3837 681 3893; x_wconf 88' lang='lat' dir='ltr'><strong>omnibus</strong></span> <span class='ocrx_word' id='word_1_255' title='bbox 693 3837 782 3892; x_wconf 87' lang='lat' dir='ltr'><strong>ueniri</strong></span> <span class='ocrx_word' id='word_1_256' title='bbox 794 3835 867 3892; x_wconf 67' lang='lat' dir='ltr'><strong>deut</strong></span> <span class='ocrx_word' id='word_1_257' title='bbox 877 3835 903 3890; x_wconf 93' lang='lat' dir='ltr'><strong>ei</strong></span> <span class='ocrx_word' id='word_1_258' title='bbox 914 3839 1051 3891; x_wconf 87' lang='lat' dir='ltr'><strong>ostensum</strong></span> <span class='ocrx_word' id='word_1_259' title='bbox 1064 3838 1123 3891; x_wconf 86' lang='lat' dir='ltr'><strong>erat</strong></span> <span class='ocrx_word' id='word_1_260' title='bbox 1134 3836 1261 3906; x_wconf 83' lang='lat' dir='ltr'><strong>sperabat</strong></span> <span class='ocrx_word' id='word_1_261' title='bbox 1271 3835 1340 3890; x_wconf 83' lang='lat' dir='ltr'><strong>EM</strong></span> <span class='ocrx_word' id='word_1_262' title='bbox 1445 3835 1481 3890; x_wconf 74' lang='lat'><strong>20</strong></span> <span class='ocrx_word' id='word_1_263' title='bbox 1492 3835 1530 3906; x_wconf 90' lang='lat' dir='ltr'><strong>et]</strong></span> <span class='ocrx_word' id='word_1_264' title='bbox 1541 3833 1613 3889; x_wconf 86' lang='lat' dir='ltr'><strong>idem</strong></span> 
     </span>
     <span class='ocr_line' id='line_1_33' title="bbox 472 3919 1613 3992; baseline -0.004 -13"><span class='ocrx_word' id='word_1_265' title='bbox 472 3924 539 3979; x_wconf 89' lang='lat' dir='ltr'><strong>EM</strong></span> <span class='ocrx_word' id='word_1_266' title='bbox 669 3921 810 3992; x_wconf 84' lang='lat' dir='ltr'><strong>derepente</strong></span> <span class='ocrx_word' id='word_1_267' title='bbox 821 3921 886 3978; x_wconf 89' lang='lat' dir='ltr'><strong>EM</strong></span> <span class='ocrx_word' id='word_1_268' title='bbox 1017 3921 1260 3992; x_wconf 66' lang='lat' dir='ltr'><strong>praeparantibus</strong></span> <span class='ocrx_word' id='word_1_269' title='bbox 1271 3921 1339 3976; x_wconf 91' lang='lat' dir='ltr'><strong>EM</strong></span> <span class='ocrx_word' id='word_1_270' title='bbox 1469 3919 1564 3974; x_wconf 86' lang='lat' dir='ltr'><strong>thusco</strong></span> <span class='ocrx_word' id='word_1_271' title='bbox 1576 3919 1613 3984; x_wconf 88' lang='lat' dir='ltr'><strong>E,</strong></span> 
     </span>
     <span class='ocr_line' id='line_1_34' title="bbox 472 4005 1583 4078; baseline -0.004 -14"><span class='ocrx_word' id='word_1_272' title='bbox 472 4008 714 4064; x_wconf 76' lang='lat' dir='ltr'><strong>EusooBcrosrs&#39;ese</strong></span> <span class='ocrx_word' id='word_1_273' title='bbox 829 4007 1002 4078; x_wconf 61' lang='lat' dir='ltr'><strong>tigaleriic</strong></span> <span class='ocrx_word' id='word_1_274' title='bbox 1118 4005 1583 4075; x_wconf 81' lang='lat' dir='ltr'><strong>proconsuliaolarissimiuirlEM</strong></span> 
     </span>
     <span class='ocr_line' id='line_1_35' title="bbox 473 4090 1617 4163; baseline -0.006 -14"><span class='ocrx_word' id='word_1_275' title='bbox 473 4093 521 4163; x_wconf 90' lang='lat' dir='ltr'><strong>qui</strong></span> <span class='ocrx_word' id='word_1_276' title='bbox 590 4091 674 4149; x_wconf 83' lang='lat' dir='ltr'><strong>cilicii</strong></span> <span class='ocrx_word' id='word_1_277' title='bbox 686 4094 734 4163; x_wconf 89' lang='lat' dir='ltr'><strong>qul</strong></span> <span class='ocrx_word' id='word_1_278' title='bbox 746 4108 796 4149; x_wconf 80' lang='lat' dir='ltr'><strong>ossa</strong></span> <span class='ocrx_word' id='word_1_279' title='bbox 809 4093 877 4148; x_wconf 90' lang='lat' dir='ltr'><strong>EM</strong></span> <span class='ocrx_word' id='word_1_280' title='bbox 942 4091 977 4146; x_wconf 81' lang='lat'><strong>24</strong></span> <span class='ocrx_word' id='word_1_281' title='bbox 988 4093 1149 4148; x_wconf 85' lang='lat' dir='ltr'><strong>leuauerunt</strong></span> <span class='ocrx_word' id='word_1_282' title='bbox 1159 4092 1280 4160; x_wconf 67' lang='lat' dir='ltr'><strong>Aegaei</strong></span> <span class='ocrx_word' id='word_1_283' title='bbox 1294 4091 1311 4145; x_wconf 81' lang='lat' dir='ltr'><strong>t</strong></span> <span class='ocrx_word' id='word_1_284' title='bbox 1324 4107 1344 4146; x_wconf 82' lang='lat' dir='ltr'><strong>c</strong></span> <span class='ocrx_word' id='word_1_285' title='bbox 1358 4107 1385 4146; x_wconf 75' lang='lat' dir='ltr'><strong>su</strong></span> <span class='ocrx_word' id='word_1_286' title='bbox 1399 4093 1426 4159; x_wconf 80' lang='lat'><strong>3,</strong></span> <span class='ocrx_word' id='word_1_287' title='bbox 1439 4090 1617 4159; x_wconf 87' lang='lat' dir='ltr'><strong>inposuerunt</strong></span> 
     </span>
     <span class='ocr_line' id='line_1_36' title="bbox 473 4174 1616 4249; baseline -0.005 -15"><span class='ocrx_word' id='word_1_288' title='bbox 473 4179 540 4234; x_wconf 93' lang='lat' dir='ltr'><strong>EM</strong></span> <span class='ocrx_word' id='word_1_289' title='bbox 642 4179 672 4232; x_wconf 91' lang='lat' dir='ltr'><strong>iu</strong></span> <span class='ocrx_word' id='word_1_290' title='bbox 683 4177 824 4248; x_wconf 84' lang='lat' dir='ltr'><strong>medioque</strong></span> <span class='ocrx_word' id='word_1_291' title='bbox 834 4178 992 4249; x_wconf 84' lang='lat' dir='ltr'><strong>posuerrmt]</strong></span> <span class='ocrx_word' id='word_1_292' title='bbox 1005 4176 1159 4232; x_wconf 85' lang='lat' dir='ltr'><strong>ambesum</strong></span> <span class='ocrx_word' id='word_1_293' title='bbox 1171 4177 1319 4246; x_wconf 79' lang='lat' dir='ltr'><strong>tegueruut</strong></span> <span class='ocrx_word' id='word_1_294' title='bbox 1330 4175 1397 4232; x_wconf 91' lang='lat' dir='ltr'><strong>EM</strong></span> <span class='ocrx_word' id='word_1_295' title='bbox 1509 4174 1546 4229; x_wconf 76' lang='lat'><strong>25</strong></span> <span class='ocrx_word' id='word_1_296' title='bbox 1555 4189 1616 4244; x_wconf 88' lang='lat' dir='ltr'><strong>per·</strong></span> 
     </span>
     <span class='ocr_line' id='line_1_37' title="bbox 473 4259 1616 4335; baseline -0.003 -17"><span class='ocrx_word' id='word_1_297' title='bbox 473 4263 616 4335; x_wconf 82' lang='lat' dir='ltr'><strong>duxerunt]</strong></span> <span class='ocrx_word' id='word_1_298' title='bbox 628 4265 752 4320; x_wconf 87' lang='lat' dir='ltr'><strong>tulerunt</strong></span> <span class='ocrx_word' id='word_1_299' title='bbox 762 4265 829 4320; x_wconf 88' lang='lat' dir='ltr'><strong>EM</strong></span> <span class='ocrx_word' id='word_1_300' title='bbox 940 4264 975 4318; x_wconf 77' lang='lat'><strong>26</strong></span> <span class='ocrx_word' id='word_1_301' title='bbox 987 4263 1144 4334; x_wconf 86' lang='lat' dir='ltr'><strong>proconsule</strong></span> <span class='ocrx_word' id='word_1_302' title='bbox 1155 4261 1224 4318; x_wconf 92' lang='lat' dir='ltr'><strong>bono</strong></span> <span class='ocrx_word' id='word_1_303' title='bbox 1236 4262 1273 4318; x_wconf 93' lang='lat' dir='ltr'><strong><em>M</em></strong></span> <span class='ocrx_word' id='word_1_304' title='bbox 1382 4263 1411 4318; x_wconf 89' lang='lat' dir='ltr'><strong>et</strong></span> <span class='ocrx_word' id='word_1_305' title='bbox 1423 4259 1476 4332; x_wconf 82' lang='lat' dir='ltr'><strong>ite]</strong></span> <span class='ocrx_word' id='word_1_306' title='bbox 1488 4259 1616 4316; x_wconf 83' lang='lat' dir='ltr'><strong>eundem·</strong></span> 
     </span>
     <span class='ocr_line' id='line_1_38' title="bbox 472 4349 605 4421; baseline -0.015 -14"><span class='ocrx_word' id='word_1_307' title='bbox 472 4365 526 4421; x_wconf 86' lang='lat' dir='ltr'><strong>que</strong></span> <span class='ocrx_word' id='word_1_308' title='bbox 540 4349 605 4406; x_wconf 87' lang='lat' dir='ltr'><strong>EM</strong></span> 
     </span>
    </p>
   </div>
   <div class='ocr_carea' id='block_1_6' title="bbox 0 0 2025 5056">
    <p class='ocr_par' dir='ltr' id='par_1_6' title="bbox 0 0 2025 5056">
     <span class='ocr_line' id='line_1_39' title="bbox 0 0 2025 5056; baseline 0 0"><span class='ocrx_word' id='word_1_309' title='bbox 0 0 2025 5056; x_wconf 95' lang='lat' dir='ltr'><strong> </strong></span> 
     </span>
    </p>
   </div>
  </div>
 </body>
</html>
