4016 5054
475 379 540 444 230
951 374 1131 442 Appendix.

475 535 704 608 desperationem
719 533 893 605 caderemus,
920 534 946 592 si
971 551 1034 592 enm
1049 533 1144 592 omnia
1166 535 1287 593 mortem
1309 533 1488 606 praesentem
1512 530 1607 590 inten-

476 639 549 707 tant,
565 637 710 696 horrorem
726 639 847 696 naturae
862 635 1043 696 senserimus.
1060 635 1116 694 nisi
1131 635 1207 694 enim
1221 635 1338 694 adesset
1352 650 1453 693 sensus
1468 633 1607 704 dolorum,

475 738 549 796 nihil
577 738 697 797 haberet
726 738 893 798 admirabile
917 739 1102 811 martyrium,
1131 738 1181 795 aed
1205 729 1341 810 superare
1364 735 1488 795 dolorem
1505 751 1608 792 corona

475 840 593 915 dignum
615 842 670 900 est.
697 840 813 900 horrare
839 843 959 898 mortem
986 840 1102 898 naturae
1128 841 1189 909 eat,
1221 839 1335 897 uincere
1360 839 1493 896 naturam
1518 835 1606 894 animi

475 943 645 1001 tortitudine
672 941 784 1016 gratiae
810 945 863 1002 eet.
887 940 981 1001 emnia
1007 943 1103 1014 potest
1117 941 1243 1011 Paulus,
1274 941 1325 1000 sed
1346 940 1377 998 in
1392 955 1426 999 ee
1440 936 1491 1012 qni
1513 937 1628 1011 ipeume

476 1044 648 1102 corroborat
665 1042 716 1102 sed
731 1042 836 1117 quibus
857 1041 1009 1115 praesidiis
1030 1041 1156 1100 uincitur
1171 1047 1290 1100 naturae
1306 1039 1479 1100 infirmitas?
1506 1038 1532 1097 si
1555 1054 1608 1097 nos

478 1146 556 1203 tetes
572 1144 652 1204 bnmi
667 1147 898 1218 prosternamus,
927 1145 980 1203 hoe
1001 1147 1047 1202 eat
1061 1145 1086 1202 ai
1103 1143 1175 1203 nihil
1191 1143 1305 1203 omnino
1320 1142 1482 1202 tribuamus
1497 1139 1608 1199 uiribus

478 1246 595 1316 nestris,
622 1247 647 1306 si
670 1245 825 1320 uigilemna
840 1249 871 1305 et
884 1263 997 1306 oremus
1011 1245 1164 1318 instanter,
1191 1245 1217 1304 si
1232 1247 1359 1306 nestram
1374 1243 1552 1304 uoluntatem
1566 1240 1608 1300 di-

478 1349 560 1406 uinae
577 1346 720 1407 uoluntati
735 1348 936 1408 submittamus
952 1349 1132 1420 dicamusque
1156 1347 1207 1406 illa
1221 1363 1255 1406 ex
1271 1347 1366 1406 animo
1382 1364 1417 1406 ex
1432 1349 1492 1405 teto
1507 1345 1607 1404 eorde:

476 1451 650 1508 transeat
672 1448 731 1508 hio
753 1449 853 1509 calix
875 1450 907 1508 si
929 1449 1016 1509 fieri
1038 1451 1179 1523 potest,
1214 1451 1276 1508 aed
1309 1449 1383 1508 liat
1415 1465 1484 1506 non
1512 1445 1643 1506 sicuti<¹

477 1568 541 1624 egc
565 1553 664 1622 uolo,
688 1551 876 1630 sedsicut
896 1561 937 1610 tn
959 1553 1023 1610 nis.

426 1655 466 1712 15
522 1651 598 1710 Noui
613 1669 667 1725 ego
682 1669 716 1712 ac
729 1653 795 1711 fleui
811 1653 948 1726 quosdam
964 1669 1067 1726 magna
1087 1653 1174 1712 animi
1190 1653 1359 1712 fertitudine
1381 1651 1537 1726 praeditos,
1559 1651 1609 1724 qui

478 1753 535 1811 iam
551 1771 671 1812 coronae
685 1755 808 1828 proximi
825 1755 989 1813 deiecerant
1004 1758 1034 1814 et
1048 1771 1132 1827 quern
1147 1755 1197 1812 diu
1212 1753 1337 1827 professi
1352 1754 1467 1812 inerant
1481 1752 1608 1824 abnega·

477 1859 553 1914 rnnt.
580 1855 650 1929 quid
664 1854 720 1915 fuit
736 1856 766 1914 in
781 1861 888 1915 carisa?
915 1855 1092 1915 dimouerant
1106 1855 1203 1914 oculos
1218 1872 1286 1914 arros
1301 1855 1338 1915 ab
1353 1870 1387 1913 eo
1403 1853 1452 1928 qui
1468 1853 1546 1913 solue
1561 1869 1609 1912 ro-

477 1959 531 2016 bur
561 1958 612 2016 dat
633 1957 769 2015 infirmis:
801 1958 1012 2016 intermiserant
1033 1957 1188 2015 orationem
1210 1957 1412 2030 accceperant
1433 1955 1469 2014 ad
1485 1955 1643 2013 numanae

476 2057 623 2131 praesidia
649 2058 799 2130 respicere.
830 2058 1094 2130 contemplabantur
1108 2075 1177 2118 suae
1198 2061 1318 2118 naturae
1333 2057 1485 2128 uiriculas,
1515 2056 1609 2116 eonsi-

477 2160 618 2218 derabant
633 2161 749 2220 aculeos
774 2162 899 2235 ungulas
914 2161 1067 2219 candentes
1094 2161 1217 2219 laminas
1242 2161 1351 2219 ferrum
1377 2163 1406 2219 et
1430 2159 1526 2232 ignem
1541 2157 1608 2218 reli-

478 2277 621 2334 quumque
637 2261 801 2321 carifleinae
816 2267 986 2334 apparatum
1002 2263 1088 2320 etiam
1103 2266 1220 2334 aspectu
1242 2262 1431 2332 horrendum,
1453 2264 1483 2319 et
1498 2260 1609 2319 crucia·

477 2365 558 2420 tunm
574 2363 754 2422 atrocitatem
769 2381 832 2423 curn
849 2363 910 2421 suis
925 2363 1034 2422 uiribus
1050 2364 1244 2434 conterebant,
1260 2364 1363 2423 ntideo
1375 2362 1526 2421 uictoriam
1537 2361 1609 2419 ami·

478 2467 577 2524 serunt
592 2480 608 2522 e
623 2464 766 2524 manibus.
783 2465 832 2524 obi
848 2466 913 2539 quis
929 2465 970 2524 ita
984 2467 1094 2538 cogitat
1107 2454 1173 2525 ‘hcc
1188 2482 1320 2538 possum,
1338 2464 1411 2524 illud
1426 2464 1536 2538 perpeti
1551 2479 1606 2523 non
1618 2481 1644 2520 ee

475 2549 615 2637 possum’,
631 2581 785 2638 nurnquanr
801 2565 924 2624 feliciter
938 2570 1056 2638 peraget
1070 2567 1248 2639 martyrium.
1266 2566 1316 2624 aad
1332 2565 1380 2638 qui
1397 2582 1428 2624 ae
1440 2567 1531 2624 totum
1546 2567 1608 2624 tra·

477 2665 520 2725 dit
535 2666 650 2725 diuinae
666 2666 810 2726 uoluntati
825 2683 881 2727 non
896 2666 953 2726 alio
969 2671 1100 2741 spectans
1116 2685 1201 2742 quam
1212 2667 1248 2726 ad
1259 2667 1339 2726 illius
1351 2683 1443 2741 opem,
1459 2667 1609 2726 iademam

477 2766 576 2824 firmae
592 2771 637 2824 est
653 2771 683 2824 et
698 2767 832 2826 inuictus.
865 2770 918 2826 hoc
934 2773 1028 2826 autern
1044 2769 1104 2827 ficri
1121 2787 1177 2828 non
1193 2772 1298 2841 potest,
1328 2769 1385 2828 nisi
1400 2770 1478 2828 adsit
1492 2786 1561 2828 uera
1575 2785 1609 2827 ac

477 2867 576 2927 uiuida
592 2867 674 2940 fides,
702 2867 777 2927 nihil
792 2869 950 2939 inaniterne,
966 2869 1039 2928 nihil
1054 2872 1234 2944 disquirens:
1262 2887 1297 2930 ne
1313 2871 1486 2946 cogitaueris
1501 2873 1610 2944 quanta

477 2969 517 3027 sit
532 2969 649 3042 tyranni
664 2971 801 3042 saeuitia,
818 2973 926 3044 quanta
942 2971 1065 3030 bominis
1081 2973 1275 3043 imbecillitas,
1303 2976 1354 3032 sed
1371 2975 1480 3046 quanta
1495 2973 1535 3030 eit
1551 2972 1607 3030 De-
1618 2983 1643 3022 2⁵

477 3069 548 3128 mini
565 3071 667 3144 uirtus,
683 3072 732 3145 qai
747 3075 840 3132 certat
855 3090 888 3132 aa
904 3073 975 3131 uicit
989 3073 1018 3131 in
1033 3073 1168 3132 membris
1183 3073 1254 3132 anis.

427 3177 467 3238 16
520 3173 598 3247 Ergo
613 3177 647 3232 ut
661 3191 679 3232 a
694 3173 873 3248 digressione
899 3175 1076 3234 reflectamus
1102 3177 1138 3234 ad
1167 3175 1196 3234 id
1223 3177 1299 3249 qnod
1320 3178 1383 3235 eret
1411 3177 1609 3247 constitutum,

476 3275 712 3349 quemadmodum
727 3276 842 3335 Domini
856 3292 933 3336 mors
947 3279 1090 3350 potentior
1104 3281 1165 3336 erat
1180 3295 1265 3351 qnam
1281 3278 1353 3350 uita,
1369 3279 1411 3337 ita
1426 3277 1518 3338 uoluit
1532 3295 1608 3336 mar-

478 3379 572 3450 tyrum
588 3393 705 3437 ecorum
719 3381 839 3436 mortem
855 3395 916 3438 esse
931 3381 1083 3452 potentem.
1106 3380 1175 3453 qnid
1191 3379 1267 3438 enim
1283 3381 1425 3439 infirmius
1444 3398 1528 3452 qaam
1545 3379 1607 3438 uin·

477 3477 531 3536 ciri
546 3479 676 3538 damnari
702 3480 783 3540 caedi
798 3481 917 3540 eruciari
932 3481 1021 3540 occidi
1037 3485 1067 3539 et
1081 3483 1117 3540 ad
1133 3482 1274 3540 carnificis
1296 3481 1447 3541 arbitrium
1472 3482 1645 3554 praeberem

476 3583 601 3654 corpus?
617 3582 687 3642 haec
701 3581 811 3655 species
827 3583 970 3642 interdum
986 3582 1207 3644 misericordiam
1222 3588 1318 3643 mouet
1332 3585 1420 3643 etiam
1432 3582 1608 3644 saeuissimis

477 3683 617 3756 tyrannis.
646 3701 744 3742 uerum
775 3685 823 3742 nbi
845 3684 903 3744 iem
917 3685 953 3745 ad
969 3690 1151 3746 monumenta
1165 3689 1323 3760 martyrum
1347 3686 1493 3760 pelluntur
1508 3687 1609 3755 morbi,

477 3782 595 3856 rugiunt
607 3785 769 3857 daemones,
780 3789 926 3846 terrentur
936 3789 1115 3859 monarchae,
1132 3791 1283 3847 coruscant
1293 3787 1442 3859 miracula,
1459 3788 1611 3848 concidunt

477 3885 569 3944 idola:
601 3889 663 3945 tum
689 3891 809 3962 apparet
834 3907 920 3964 quam
946 3890 986 3950 sit
1010 3891 1110 3950 efficax
1133 3908 1167 3950 ac
1190 3893 1292 3966 potens
1308 3895 1466 3967 martyrum
1481 3890 1608 3965 sanguis.

477 3988 700 4060 praesentia
722 3990 891 4064 infirma,
914 3993 1097 4066 epistolae
1119 4009 1271 4066 graues,
1296 3989 1646 4053 audiuitbeatissimnere

550 4248 582 4301 10
600 4247 663 4302 Inue.
682 4249 723 4312 Ὦ,
742 4251 784 4304 42.
891 4252 925 4305 35
943 4251 971 4304 ll
990 4252 1048 4307 Cer.
1068 4253 1109 4315 10,
1129 4253 1170 4306 10.
