4016 5054
624 433 670 487 De
688 432 945 504 singularitate
962 432 1166 489 elerieornm
1184 451 1205 490 e.
1222 436 1300 492 4-7.
1469 440 1532 510 179

393 592 480 654 ritate
492 609 550 654 non
562 591 677 652 habitat
692 591 784 654 amiea
799 592 960 666 eoneordia‚
975 592 1110 668 quoniam
1124 610 1180 654 non
1195 593 1252 656 nisi
1266 594 1462 659 disoordantes
1473 597 1530 658 ini-

394 696 519 758 mieitiss
534 699 622 758 ereat.
637 695 709 758 feeit
722 696 856 771 equidem
868 695 1019 757 mulierem
1032 695 1096 756 uiro
1111 697 1249 758 Dominus
1270 699 1455 772 adiutricem,
1478 701 1530 761 sed

392 797 538 874 serpentis
552 798 662 859 inuidia
675 816 826 873 personam
841 797 967 873 sumpsit
988 799 1132 859 hostilem.
1155 801 1229 875 quod
1245 799 1271 860 si
1286 800 1337 860 illa
1352 801 1387 863 de
1401 801 1465 862 uiro
1479 818 1531 862 suo

392 902 567 976 natansque
583 900 668 961 hodie
684 901 780 975 ipsum
795 899 841 962 eui
855 900 987 975 iungitur
1000 903 1139 975 temptat,
1156 904 1262 974 quanto
1277 903 1370 976 magis
1391 903 1444 962 illa
1458 919 1532 978 quae

371 1002 548 1076 seopulator
562 1003 644 1062 nulla
657 1003 723 1077 lege
738 1003 912 1063 eoniunetal
935 1007 964 1062 et
985 1002 1012 1061 si
1031 1001 1079 1062 illi
1102 1003 1152 1078 qni
1172 999 1228 1064 duo
1249 1004 1361 1064 suntin
1375 1021 1460 1066 earne
1475 1022 1533 1064 una

393 1103 520 1166 senoreti
543 1105 782 1179 temptationibus
797 1105 906 1166 motuis
922 1104 1047 1165 inuitem
1062 1108 1209 1180 pungunt,
1225 1104 1296 1181 quid
1311 1105 1422 1166 laeiunt
1436 1107 1468 1166 hi
1482 1105 1533 1181 qui

392 1207 426 1268 in
455 1224 512 1266 una
540 1223 624 1268 earne
652 1224 705 1268 nee
725 1207 788 1268 nati
802 1222 855 1268 nee
876 1207 967 1268 iuneti
981 1210 1071 1267 sunt?
1095 1206 1263 1282 praesertim
1285 1208 1354 1283 quia
1374 1224 1427 1269 nee
1442 1207 1534 1268 Deum

394 1309 452 1368 iam
481 1309 613 1370 inooeare
643 1310 821 1383 permittitur
849 1309 899 1383 qui
916 1309 1038 1391 earimte
1054 1308 1174 1369 alterim
1203 1311 1354 1383 suoeatur,
1384 1325 1439 1370 nee
1460 1309 1533 1370 sini·

395 1415 447 1470 tur
482 1412 607 1486 cogitare
637 1410 737 1471 diuina
765 1412 815 1486 qni
854 1411 912 1471 sibi
941 1410 1067 1484 quaesiit
1096 1410 1142 1471 eui
1172 1410 1320 1472 exhiberet
1349 1412 1535 1473 domestieam

358 1529 505 1574 weuram.
547 1516 666 1588 propter
694 1515 770 1587 quod
799 1514 841 1573 sie
869 1511 1018 1588 apostolus
1051 1513 1175 1574 eonsulit
1200 1513 1314 1572 diesne:
1354 1514 1438 1574 uolo
1470 1530 1536 1573 uos

391 1614 473 1675 sine
494 1615 763 1675 sollieitudine
794 1631 887 1675 esse.
911 1615 974 1688 qui
1002 1615 1082 1674 sine
1105 1629 1216 1674 uxore
1238 1616 1306 1687 est,
1334 1613 1535 1676 sollicitus

393 1719 450 1776 est
477 1717 653 1790 quomodo
686 1718 835 1790 placeat
869 1717 959 1776 Deo:
992 1717 1055 1789 qui
1083 1719 1204 1775 autem
1236 1717 1349 1776 habet
1370 1711 1536 1776 ux'orams

392 1815 540 1891 cogitat
582 1833 673 1891 quae
717 1820 804 1877 sunt
846 1817 958 1876 huius
999 1817 1138 1889 mundi,
1176 1818 1351 1891 quomodo
1386 1817 1538 1892 plaoeat

394 1920 508 1979 orori.
543 1920 612 1994 quid
641 1921 688 1980 est
729 1935 805 1978 none
834 1919 912 1991 quod
948 1918 978 1976 in
1014 1920 1069 1978 hae
1104 1918 1300 1978 eonionetione
1329 1918 1469 1990 delectet,
1506 1919 1537 1978 in

359 2041 385 2080 rs
396 2036 454 2094 qua
469 2019 548 2080 solae
563 2037 676 2094 pugnae
692 2022 782 2078 sunt?
810 2023 861 2079 aut
884 2035 958 2093 quae
973 2019 1086 2080 utilitas
1100 2018 1195 2093 fauet,
1222 2020 1272 2079 ubi
1287 2035 1345 2080 non
1359 2021 1428 2080 sunt
1441 2019 1538 2082 orteia

396 2122 576 2194 eoniogalia,
603 2123 716 2194 quando
738 2136 791 2180 nee
813 2121 877 2194 ipsa
893 2122 1017 2194 possunt
1038 2137 1101 2180 essa
1118 2125 1241 2181 seeura?
1264 2121 1378 2180 eausale
1394 2122 1438 2182 est
1452 2137 1535 2181 omne

395 2223 472 2297 quod
486 2221 608 2282 feminae
619 2224 664 2284 est
675 2227 705 2283 et
720 2222 864 2298 eopnlatio
877 2220 940 2282 eius
955 2238 1069 2295 semper
1083 2222 1191 2282 infesta
1205 2224 1260 2281 ast.
1277 2222 1389 2283 loedere
1405 2239 1457 2282 suo
1473 2239 1538 2282 ma·

394 2341 468 2399 guas
493 2325 640 2384 molestias
668 2327 798 2399 praestat
824 2326 854 2382 et
879 2325 927 2381 eui
942 2321 1108 2382 adhaeserit
1122 2327 1223 2383 eontra
1247 2323 1311 2396 fas,
1346 2323 1536 2383 insanabilem

394 2425 502 2501 ingerit
529 2427 652 2500 plagam.
683 2426 719 2484 de
748 2425 921 2487 carbonibus
951 2425 1095 2484 suintillae
1124 2423 1282 2497 dissiliunt,
1312 2426 1347 2483 de
1377 2425 1452 2486 terro
1486 2441 1537 2485 ru·

360 2529 462 2602 robigo
476 2529 619 2601 nutritur,
646 2530 758 2588 morbos
780 2528 895 2600 aspides
917 2527 1048 2599 sibilant,
1063 2529 1093 2586 et
1107 2527 1209 2586 mulier
1223 2527 1319 2586 funffit
1333 2525 1536 2600 oonoupisoen·

397 2629 456 2690 tiae
483 2629 681 2703 pestilentiam
708 2647 793 2704 quarn
820 2629 954 2690 Salomon
982 2629 1024 2688 sie
1050 2631 1187 2702 conparat
1212 2628 1326 2690 dieons:
1357 2629 1399 2688 de
1420 2627 1536 2688 uasti·

398 2731 534 2792 mentis
556 2732 733 2805 proeedot
755 2731 876 2803 tinea,
904 2733 941 2788 ot
963 2748 981 2788 a
1002 2728 1160 2789 muliere
1183 2729 1369 2803 iniquitas
1392 2728 1476 2789 uiri.
1577 2724 1579 2727 ’

440 2832 512 2894 Volo
534 2831 607 2894 seire
622 2848 694 2908 quae
715 2831 754 2891 sit
780 2831 893 2892 alieetio
910 2831 970 2890 ista
987 2830 1161 2903 eommunis,
1192 2847 1265 2905 quaa
1291 2830 1382 2892 morbi
1397 2830 1567 2899 dissenmo‘l

397 2950 510 3008 semper
535 2934 670 3009 ambigua
695 2935 874 3007 propositum
900 2948 983 2991 snum
1010 2932 1180 2992 nutantibus
1207 2930 1336 2992 eonsiliis
1350 2932 1537 3007 impugnando

360 3054 387 3094 rr
400 3037 560 3097 conturbat.
583 3037 616 3094 ut
631 3035 699 3111 qaid
714 3033 770 3094 sibi
785 3033 919 3094 adhibuit
934 3033 1082 3094 mulierem
1097 3033 1147 3108 qui
1162 3033 1263 3094 dooere
1279 3033 1450 3107 eontempsit
1463 3050 1536 3094 uxo·

395 3141 477 3198 ram?
501 3138 596 3197 omnis
625 3137 675 3212 qui
704 3153 761 3196 non
791 3136 1009 3196 manducaberit
1024 3151 1153 3207 earnem,
1174 3137 1207 3193 nt
1236 3134 1309 3219 qnid
1331 3135 1538 3195 habitationem

397 3255 478 3299 suam
493 3239 590 3298 earnis
603 3238 789 3313 apparatibus
802 3238 916 3311 replet?
944 3241 974 3296 ot
990 3237 1040 3310 qui
1056 3253 1113 3296 non
1129 3236 1234 3295 biberit
1254 3237 1369 3308 uinum,
1391 3236 1461 3310 quid
1475 3236 1536 3294 uini

399 3339 588 3403 oblectatione
602 3339 783 3414 perfruitur?
799 3339 884 3414 quasi
903 3355 959 3397 noo
983 3338 1162 3412 aliquotiens
1177 3338 1307 3399 babendo
1327 3355 1381 3398 nee
1394 3339 1538 3413 gustando

466 3625 529 3679 101
549 3625 608 3680 Car.
626 3622 651 3689 7,
672 3625 713 3680 32.
820 3625 854 3679 21
873 3625 925 3680 sir.
943 3627 987 3690 42,
1006 3625 1048 3678 13.

466 3882 481 3933 1
499 3879 753 3948 quoniamquidem
772 3879 860 3934 (laed
877 3879 984 3947 quidem
1004 3895 1067 3948 esp.
1217 3879 1288 3933 dm.
1306 3879 1364 3932 uiro
1383 3877 1410 3932 d.
1428 3877 1458 3943 0,
1476 3878 1536 3932 uiro

396 3962 422 4017 d.
441 3979 511 4019 mo
637 3963 807 4019 dlaeiento
932 3965 1140 4032 tiquaosiuito
1267 3964 1301 4018 10
1317 3961 1503 4032 apostuluso

399 4048 431 4102 12
447 4047 480 4102 de
497 4034 549 4103 dno
567 4048 698 4116 quomoda
717 4048 804 4104 (laed
821 4049 855 4104 de
873 4033 926 4104 dno
944 4065 1009 4117 erp.
1133 4049 1166 4104 13
1184 4050 1250 4102 anot
1268 4048 1341 4102 solae
1359 4063 1499 4117 pugnabo

398 4133 432 4186 16
448 4131 563 4203 munde]
583 4133 690 4187 mesala
707 4134 778 4188 cont
790 4133 929 4189 &earnm
997 4133 1032 4186 22
1051 4133 1105 4186 uiri
1116 4148 1178 4202 sup.
1197 4133 1320 4187 roulieris
1337 4147 1388 4186 ser.
1402 4131 1426 4188 0
1435 4133 1502 4186 Μ

397 4217 433 4273 24
450 4233 518 4287 quae
535 4219 703 4290 propositum
720 4237 737 4276 o
914 4219 949 4273 27
968 4217 1028 4272 uini
1047 4221 1077 4284 Ο,
1096 4217 1207 4274 uidendi
1224 4236 1250 4284 o,
1268 4233 1320 4274 erra
1338 4217 1500 4274 Rembellua

398 4301 433 4356 28
449 4301 572 4358 habendo
594 4305 623 4368 0,
641 4302 757 4360 ridendo
775 4320 798 4367 o,
818 4307 847 4358 et
864 4302 979 4358 bibendo
998 4304 1091 4360 Rerab.

1256 4395 1328 4453 12*
