4016 5054
772 401 818 454 De
835 399 970 470 duplici
986 401 1152 469 martyrio
1170 417 1191 453 e.
1210 402 1289 454 2-5.
1534 403 1598 468 223

461 559 530 629 tem,
557 557 584 617 ei
604 555 727 632 spiritus
750 556 830 617 illius
850 562 952 632 regnet
976 557 1007 616 in
1027 557 1112 618 nobis
1126 559 1157 617 ct
1171 558 1198 617 si
1218 557 1300 618 illins
1323 559 1471 618 uoluntati
1484 560 1596 618 obtem-

459 663 577 734 peretur
591 659 623 718 in
637 659 733 733 terris,
749 661 986 735 quemadmodum
1000 661 1032 720 in
1047 659 1136 720 coelis
1150 659 1233 720 nrnllc
1250 662 1297 720 est
1310 658 1441 720 rebellio.
1464 660 1598 734 qnonbm

461 763 559 822 entem
579 761 710 822 hemines
729 778 764 823 er
784 778 847 823 sose
868 762 943 822 nihil
967 763 1074 823 babent
1089 762 1217 835 uirtutis,
1234 761 1374 836 quidquid
1387 779 1440 835 ner
1455 777 1508 822 nos
1521 765 1598 822 recte

459 863 571 937 geritur
597 863 674 924 cedit
693 864 725 924 in
750 864 873 938 gloriam
895 858 949 926 Doi
973 869 1003 926 et
1028 865 1092 924 ideo
1117 865 1286 924 thesaurum
1311 863 1427 924 diuime
1452 864 1598 938 potentiae

437 965 567 1040 ⁸promit
581 965 726 1026 interdum
741 980 776 1026 er
792 966 869 1026 uasis
885 965 1033 1038 fletihbus,
1055 968 1089 1026 ot
1102 966 1268 1026 sublimibus
1288 965 1329 1025 eit
1354 965 1474 1025 uirtutis
1488 965 1542 1026 Dei
1568 968 1599 1026 ot

458 1085 517 1128 non
531 1085 567 1129 er
583 1068 675 1128 nobis.

500 1168 580 1244 llrgo
601 1185 773 1243 quamquam
795 1169 887 1231 omnis
910 1170 1022 1245 piorum
1043 1171 1107 1231 uita
1126 1169 1265 1244 martyrio
1280 1185 1332 1228 eoo
1347 1168 1493 1243 glorificat
1506 1169 1599 1228 Deum
1618 1168 1639 1226 4

458 1273 489 1331 et
503 1270 650 1332 christum
663 1271 757 1332 filium
771 1271 844 1345 sius,
858 1272 972 1333 nullum
986 1274 1083 1333 amen
1099 1274 1145 1332 est
1155 1269 1302 1332 illustrius
1313 1271 1511 1332 testimonium
1522 1271 1598 1346 apud

458 1373 589 1432 homines
615 1391 701 1448 quam
727 1375 885 1448 sauguinis,
912 1376 966 1436 boc
991 1379 1037 1435 est
1052 1375 1129 1434 nime
1144 1377 1263 1448 propter
1278 1373 1369 1434 Deum
1391 1375 1552 1434 contemtse
1568 1377 1597 1434 et

424 1474 561 1534 ¹⁰mertis
576 1473 691 1535 fortiter
705 1475 855 1536 toleratae,
870 1476 1056 1537 reddiderunt
1071 1479 1102 1535 et
1117 1475 1256 1536 miracula
1270 1475 1469 1535 testimouium
1480 1474 1597 1535 diuinae

457 1577 615 1648 potentiue,
640 1578 813 1651 praesertim
838 1579 914 1651 apud
940 1577 1112 1650 incredulos,
1139 1593 1206 1636 nam
1231 1577 1279 1636 bis
1301 1576 1416 1650 proprie
1438 1577 1509 1637 dsta
1528 1579 1598 1636 sunt

459 1677 553 1750 sigon,
569 1680 808 1753 quemadmodum
824 1679 927 1740 scribit
941 1681 1043 1738 boatus
1066 1678 1233 1752 apostolus:
1257 1678 1309 1737 sed
1323 1693 1436 1752 semper
1450 1675 1596 1738 efficacius

458 1777 515 1838 fuit
541 1778 692 1854 amnonis
718 1780 829 1855 prolusi
855 1780 1060 1840 testimonium.
1085 1781 1156 1853 quot
1183 1779 1298 1840 morbos
1318 1777 1496 1839 insanabiles
1509 1779 1597 1838 uerbo

458 1883 576 1940 sanarat
595 1880 750 1954 Dominus,
774 1884 845 1957 quot
867 1899 966 1943 eoscos
987 1881 1168 1954 illustrarat,
1196 1885 1267 1955 quot
1289 1897 1406 1941 mancos
1420 1881 1597 1956 paralyticos

424 1993 449 2032 ¹⁵
458 1999 493 2040 nc
506 1982 618 2043 debiles
633 1984 819 2058 restituerat,
842 1989 913 2058 quot
933 1985 1078 2044 exanimes
1093 1985 1130 2043 sd
1151 1985 1244 2044 uitam
1259 1986 1433 2044 reuocaret?
1455 1985 1486 2044 et
1500 1989 1596 2044 tamen

457 2085 542 2156 pauci
572 2085 728 2146 credebant
759 2085 790 2145 in
818 2103 900 2159 eum,
935 2090 964 2146 et
993 2085 1146 2146 audiebat:
1187 2085 1224 2144 in
1245 2085 1453 2145 Beelzebub
1482 2085 1597 2145 eiecit

458 2185 658 2247 daemonia.
681 2189 807 2249 ceterum
824 2187 874 2248 ubi
889 2193 1007 2248 uentum
1022 2190 1067 2247 est
1082 2187 1119 2246 od
1134 2186 1314 2262 sauguinem,
1336 2185 1380 2245 ibi
1394 2185 1537 2246 deiectum
1551 2189 1597 2245 est

458 2288 577 2347 misnae
602 2304 735 2363 regnum,
762 2291 805 2349 ibi
830 2291 967 2350 subactus
988 2292 1034 2348 ost
1056 2291 1190 2350 mundus.
1212 2291 1415 2348 commemorat
1429 2291 1460 2348 et
1474 2287 1597 2349 Ioannes

458 2388 639 2463 euangelista
659 2391 767 2470 triplex
793 2391 825 2449 in
845 2395 924 2450 terra
945 2391 1150 2462 testimonium,
1174 2388 1298 2462 spiritus
1318 2406 1395 2463 aqua
1415 2391 1445 2448 et
1465 2387 1595 2462 sanguis,

421 2505 449 2547 ro
458 2489 534 2564 quod
549 2474 781 2552 eiileeciss'imum
795 2497 841 2553 est
855 2494 999 2566 postremo
1015 2508 1167 2553 recensens
1188 2492 1260 2552 loeo.
1287 2491 1422 2565 spiritum
1438 2491 1470 2550 iu
1485 2489 1594 2552 colum·

457 2591 511 2652 bee
527 2593 621 2667 specio
636 2593 857 2654 descendentem
872 2609 958 2666 super
972 2594 1068 2652 Iesum
1084 2594 1182 2653 uidere
1197 2591 1304 2652 meruit
1318 2593 1440 2652 Ioannes
1455 2593 1594 2667 baptista,

456 2711 495 2752 an
509 2694 560 2754 alii
586 2694 713 2754 uiderint
738 2695 889 2755 incertum.
914 2697 991 2755 corte
1011 2696 1067 2756 boo
1087 2694 1285 2756 testimenium
1306 2694 1408 2754 Ioanni
1423 2697 1524 2756 datum
1539 2700 1594 2768 est,

456 2812 512 2869 quo
534 2796 677 2856 desineret
702 2796 836 2856 dubitare
850 2797 886 2855 de
901 2797 1021 2856 Domino
1044 2797 1122 2869 Iesu,
1147 2813 1185 2856 an
1211 2795 1262 2856 ille
1277 2800 1355 2856 esset
1369 2797 1420 2870 qui
1434 2796 1595 2870 baptizaret

457 2897 564 2969 spiritu
590 2900 620 2955 et
645 2897 717 2970 igni.
739 2913 831 2971 aquae
858 2897 1055 2958 testimouium
1079 2897 1155 2958 uidit
1180 2897 1303 2957 Ioannes
1325 2897 1515 2970 euangelista,
1542 2915 1594 2957 noc

420 3017 447 3058 rs
458 2998 531 3057 satis
551 3001 667 3058 constat
687 2998 803 3059 solusne
824 2998 932 3059 uiderit
947 3016 985 3058 an
1000 3016 1064 3060 cum
1080 2999 1190 3058 multis.
1215 3001 1277 3058 erat
1292 2999 1408 3072 quidem
1422 2999 1477 3058 hoe
1492 2999 1594 3073 fingens

456 3098 625 3174 mysterium
640 3100 717 3160 sacri
732 3101 842 3160 lauomi
856 3119 913 3175 quo
928 3101 1062 3161 delentur
1076 3103 1209 3175 peccate:
1233 3101 1284 3160 sed
1298 3101 1373 3160 uidit
1389 3118 1493 3176 aquam
1507 3101 1594 3160 simul

455 3200 572 3262 effluere
599 3218 664 3262 cum
690 3203 841 3276 snguine,
867 3202 918 3277 qui
943 3202 1000 3262 nisi
1022 3203 1166 3262 adfuisset
1187 3203 1323 3264 inefficax
1337 3206 1401 3263 erat
1417 3219 1501 3278 equa
1525 3203 1594 3277 quid

455 3302 532 3362 euim
558 3305 675 3376 prodest
696 3305 807 3364 aboleri
822 3306 949 3377 peccam,
977 3304 1035 3363 nisi
1049 3305 1185 3364 succedat
1200 3306 1262 3364 nits
1275 3304 1407 3364 iustitias
1423 3321 1509 3379 quam
1523 3322 1594 3365 eon·

455 3405 514 3465 lert
539 3405 679 3480 sanguis?
706 3424 877 3482 quamquam
898 3407 931 3466 bi
952 3408 1013 3467 tres
1037 3423 1125 3468 unum
1152 3408 1236 3466 suut:
1260 3422 1335 3467 uuus
1349 3405 1427 3466 enim
1442 3407 1521 3466 Deos
1536 3409 1592 3481 est,

419 3508 504 3580 coqui
524 3525 576 3582 por
596 3509 731 3582 spiritum
754 3527 857 3584 aquom
873 3512 904 3568 et
919 3511 1088 3582 sauguinem
1111 3510 1239 3568 declarat
1253 3509 1402 3570 hominum
1417 3511 1517 3583 generi
1531 3511 1592 3568 nir-

454 3610 547 3668 tutem
561 3627 596 3670 no
616 3610 775 3670 &nitatem
800 3628 898 3670 snam:
921 3613 972 3670 aut
995 3611 1058 3670 ideo
1085 3611 1219 3670 dicuntur
1244 3627 1333 3668 unum
1359 3627 1432 3684 esso,
1459 3612 1592 3686 quoniam

455 3713 581 3786 undique
596 3715 654 3773 sibi
668 3716 784 3774 constet
798 3715 995 3774 testimoninm
1009 3732 1064 3774 uec
1077 3714 1140 3774 nlla
1153 3733 1187 3774 ex
1202 3717 1285 3787 parto
1300 3715 1439 3790 dissonat,
1455 3715 1593 3790 quemad·

456 3813 571 3875 modum
598 3832 669 3889 quos
697 3815 846 3876 artissima
871 3816 966 3889 iungit
991 3815 1120 3875 amicitia
1139 3818 1258 3890 propter
1279 3833 1420 3876 summum
1435 3818 1592 3878 animorum

454 3932 623 3977 consensum
637 3935 713 3977 nuos
728 3918 841 3978 animus
856 3933 920 3978 esse
935 3916 1077 3978 dicuntur.

420 4043 445 4084 rs
497 4019 542 4078 ric
567 4019 648 4079 iuxta
671 4037 789 4080 sensum
812 4019 980 4081 crassiorem
1001 4021 1074 4080 haec
1098 4019 1157 4080 trie
1178 4020 1416 4096 praecinuerunt
1431 4023 1462 4082 in
1479 4023 1592 4084 homine
1614 4025 1634 4084 5

455 4121 533 4180 uitae
556 4124 726 4194 mgumeuta
748 4125 835 4196 atque
859 4123 946 4182 etiam
968 4124 1168 4183 instrumenta
1192 4123 1328 4198 quamdiu
1352 4125 1428 4185 euim
1449 4125 1592 4198 pulmonis

523 4287 558 4340 16
575 4285 641 4341 Luc.
661 4287 703 4352 11.
722 4287 763 4342 15.
