<?xml version="1.0" encoding="UTF-8"?>
<!DOCTYPE html PUBLIC "-//W3C//DTD XHTML 1.0 Transitional//EN"
    "http://www.w3.org/TR/xhtml1/DTD/xhtml1-transitional.dtd">
<html xmlns="http://www.w3.org/1999/xhtml" xml:lang="en" lang="en">
 <head>
  <title>
</title>
<meta http-equiv="Content-Type" content="text/html;charset=utf-8" />
  <meta name='ocr-system' content='tesseract 3.04.00' />
  <meta name='ocr-capabilities' content='ocr_page ocr_carea ocr_par ocr_line ocrx_word'/>
</head>
<body>
  <div class='ocr_page' id='page_1' title='image "./sthascicaecilic02cyprgoog_0409.png"; bbox 0 0 4000 5066; ppageno 0'>
   <div class='ocr_carea' id='block_1_1' title="bbox 430 377 1083 449">
    <p class='ocr_par' dir='ltr' id='par_1_1' title="bbox 430 377 1083 449">
     <span class='ocr_line' id='line_1_1' title="bbox 430 377 1083 449; baseline 0 -15"><span class='ocrx_word' id='word_1_1' title='bbox 430 377 493 446; x_wconf 76' lang='lat'><strong>278</strong></span> <span class='ocrx_word' id='word_1_2' title='bbox 899 377 1083 449; x_wconf 78' lang='lat' dir='ltr'><strong>Appendix.</strong></span> 
     </span>
    </p>
   </div>
   <div class='ocr_carea' id='block_1_2' title="bbox 401 535 1597 2852">
    <p class='ocr_par' dir='ltr' id='par_1_2' title="bbox 401 535 1597 2852">
     <span class='ocr_line' id='line_1_2' title="bbox 430 535 1558 612; baseline 0 -16"><span class='ocrx_word' id='word_1_3' title='bbox 430 538 477 596; x_wconf 85' lang='lat' dir='ltr'><strong>bio</strong></span> <span class='ocrx_word' id='word_1_4' title='bbox 492 537 662 611; x_wconf 72' lang='lat' dir='ltr'><strong>fragilitatis</strong></span> <span class='ocrx_word' id='word_1_5' title='bbox 676 538 831 610; x_wconf 80' lang='lat' dir='ltr'><strong>lemauso,</strong></span> <span class='ocrx_word' id='word_1_6' title='bbox 856 553 929 612; x_wconf 83' lang='lat' dir='ltr'><strong>quas</strong></span> <span class='ocrx_word' id='word_1_7' title='bbox 943 537 1120 612; x_wconf 76' lang='lat' dir='ltr'><strong>patrocinari</strong></span> <span class='ocrx_word' id='word_1_8' title='bbox 1146 553 1203 598; x_wconf 91' lang='lat' dir='ltr'><strong>non</strong></span> <span class='ocrx_word' id='word_1_9' title='bbox 1218 539 1315 612; x_wconf 89' lang='lat' dir='ltr'><strong>potest</strong></span> <span class='ocrx_word' id='word_1_10' title='bbox 1328 535 1515 598; x_wconf 83' lang='lat' dir='ltr'><strong>diffidentiae.</strong></span> <span class='ocrx_word' id='word_1_11' title='bbox 1531 535 1558 596; x_wconf 91' lang='lat' dir='ltr'><strong>si</strong></span> 
     </span>
     <span class='ocr_line' id='line_1_3' title="bbox 430 638 1557 712; baseline 0 -14"><span class='ocrx_word' id='word_1_12' title='bbox 430 638 507 698; x_wconf 85' lang='lat' dir='ltr'><strong>eninr</strong></span> <span class='ocrx_word' id='word_1_13' title='bbox 522 639 725 700; x_wconf 69' lang='lat' dir='ltr'><strong>desolationem</strong></span> <span class='ocrx_word' id='word_1_14' title='bbox 741 639 814 700; x_wconf 86' lang='lat' dir='ltr'><strong>ierre</strong></span> <span class='ocrx_word' id='word_1_15' title='bbox 828 639 958 700; x_wconf 85' lang='lat' dir='ltr'><strong>hemines</strong></span> <span class='ocrx_word' id='word_1_16' title='bbox 980 656 1038 701; x_wconf 93' lang='lat' dir='ltr'><strong>non</strong></span> <span class='ocrx_word' id='word_1_17' title='bbox 1060 639 1201 712; x_wconf 84' lang='lat' dir='ltr'><strong>ualerent,</strong></span> <span class='ocrx_word' id='word_1_18' title='bbox 1227 655 1380 712; x_wconf 86' lang='lat' dir='ltr'><strong>numquam</strong></span> <span class='ocrx_word' id='word_1_19' title='bbox 1394 653 1513 711; x_wconf 90' lang='lat' dir='ltr'><strong>prorsus</strong></span> <span class='ocrx_word' id='word_1_20' title='bbox 1538 655 1557 698; x_wconf 84' lang='lat' dir='ltr'><strong>a</strong></span> 
     </span>
     <span class='ocr_line' id='line_1_4' title="bbox 401 740 1556 818; baseline 0.002 -20"><span class='ocrx_word' id='word_1_21' title='bbox 401 811 404 818; x_wconf 34' lang='grc'>,</span> <span class='ocrx_word' id='word_1_22' title='bbox 429 757 460 798; x_wconf 84' lang='lat' dir='ltr'><strong>se</strong></span> <span class='ocrx_word' id='word_1_23' title='bbox 472 757 525 800; x_wconf 86' lang='lat' dir='ltr'><strong>sua</strong></span> <span class='ocrx_word' id='word_1_24' title='bbox 534 742 654 816; x_wconf 78' lang='lat' dir='ltr'><strong>pignera</strong></span> <span class='ocrx_word' id='word_1_25' title='bbox 667 741 851 802; x_wconf 74' lang='lat' dir='ltr'><strong>dimisissent.</strong></span> <span class='ocrx_word' id='word_1_26' title='bbox 866 742 1021 802; x_wconf 87' lang='lat' dir='ltr'><strong>destitutos</strong></span> <span class='ocrx_word' id='word_1_27' title='bbox 1032 759 1091 802; x_wconf 88' lang='lat' dir='ltr'><strong>see</strong></span> <span class='ocrx_word' id='word_1_28' title='bbox 1104 740 1291 802; x_wconf 88' lang='lat' dir='ltr'><strong>morientibus</strong></span> <span class='ocrx_word' id='word_1_29' title='bbox 1302 741 1514 814; x_wconf 87' lang='lat' dir='ltr'><strong>conqueruntur</strong></span> <span class='ocrx_word' id='word_1_30' title='bbox 1525 744 1556 800; x_wconf 90' lang='lat' dir='ltr'><strong>et</strong></span> 
     </span>
     <span class='ocr_line' id='line_1_5' title="bbox 429 842 1556 919; baseline 0 -17"><span class='ocrx_word' id='word_1_31' title='bbox 429 843 512 903; x_wconf 88' lang='lat' dir='ltr'><strong>uiuos</strong></span> <span class='ocrx_word' id='word_1_32' title='bbox 518 843 592 903; x_wconf 88' lang='lat' dir='ltr'><strong>filies</strong></span> <span class='ocrx_word' id='word_1_33' title='bbox 598 846 649 903; x_wconf 83' lang='lat' dir='ltr'><strong>eut</strong></span> <span class='ocrx_word' id='word_1_34' title='bbox 655 847 772 919; x_wconf 90' lang='lat' dir='ltr'><strong>propter</strong></span> <span class='ocrx_word' id='word_1_35' title='bbox 778 845 891 904; x_wconf 89' lang='lat' dir='ltr'><strong>litteras</strong></span> <span class='ocrx_word' id='word_1_36' title='bbox 897 846 1199 919; x_wconf 87' lang='lat' dir='ltr'><strong>autproptsrhonores</strong></span> <span class='ocrx_word' id='word_1_37' title='bbox 1206 848 1256 904; x_wconf 86' lang='lat' dir='ltr'><strong>aut</strong></span> <span class='ocrx_word' id='word_1_38' title='bbox 1262 842 1556 918; x_wconf 77' lang='lat' dir='ltr'><strong>propternegotiape-</strong></span> 
     </span>
     <span class='ocr_line' id='line_1_6' title="bbox 430 944 1580 1021; baseline 0.002 -17"><span class='ocrx_word' id='word_1_39' title='bbox 430 944 554 1020; x_wconf 80' lang='lat' dir='ltr'><strong>regrinis</strong></span> <span class='ocrx_word' id='word_1_40' title='bbox 564 945 862 1020; x_wconf 80' lang='lat' dir='ltr'><strong>regionibnsorednnt,</strong></span> <span class='ocrx_word' id='word_1_41' title='bbox 874 947 1137 1021; x_wconf 77' lang='lat' dir='ltr'><strong>etgaudenttotam</strong></span> <span class='ocrx_word' id='word_1_42' title='bbox 1148 946 1238 1006; x_wconf 87' lang='lat' dir='ltr'><strong>uitem</strong></span> <span class='ocrx_word' id='word_1_43' title='bbox 1246 945 1468 1006; x_wconf 80' lang='lat' dir='ltr'><strong>sineudeutibus</strong></span> <span class='ocrx_word' id='word_1_44' title='bbox 1478 959 1580 1006; x_wconf 81' lang='lat' dir='ltr'><strong>eom-s</strong></span> 
     </span>
     <span class='ocr_line' id='line_1_7' title="bbox 431 1046 1560 1124; baseline 0.002 -17"><span class='ocrx_word' id='word_1_45' title='bbox 431 1047 545 1121; x_wconf 85' lang='lat' dir='ltr'><strong>morari,</strong></span> <span class='ocrx_word' id='word_1_46' title='bbox 558 1047 708 1109; x_wconf 89' lang='lat' dir='ltr'><strong>dummodo</strong></span> <span class='ocrx_word' id='word_1_47' title='bbox 722 1047 839 1123; x_wconf 87' lang='lat' dir='ltr'><strong>capiant</strong></span> <span class='ocrx_word' id='word_1_48' title='bbox 852 1049 928 1124; x_wconf 85' lang='lat' dir='ltr'><strong>quod</strong></span> <span class='ocrx_word' id='word_1_49' title='bbox 942 1049 1062 1124; x_wconf 89' lang='lat' dir='ltr'><strong>cupiunt</strong></span> <span class='ocrx_word' id='word_1_50' title='bbox 1075 1050 1111 1109; x_wconf 86' lang='lat' dir='ltr'><strong>de</strong></span> <span class='ocrx_word' id='word_1_51' title='bbox 1125 1048 1187 1110; x_wconf 91' lang='lat' dir='ltr'><strong>suis</strong></span> <span class='ocrx_word' id='word_1_52' title='bbox 1200 1047 1369 1123; x_wconf 79' lang='lat' dir='ltr'><strong>pigneribus</strong></span> <span class='ocrx_word' id='word_1_53' title='bbox 1380 1046 1512 1122; x_wconf 83' lang='lat' dir='ltr'><strong>adipisci.</strong></span> <span class='ocrx_word' id='word_1_54' title='bbox 1530 1050 1560 1109; x_wconf 87' lang='lat' dir='ltr'><strong>ot</strong></span> 
     </span>
     <span class='ocr_line' id='line_1_8' title="bbox 432 1149 1558 1226; baseline 0.001 -17"><span class='ocrx_word' id='word_1_55' title='bbox 432 1149 621 1226; x_wconf 85' lang='lat' dir='ltr'><strong>utadpalstia</strong></span> <span class='ocrx_word' id='word_1_56' title='bbox 627 1151 982 1226; x_wconf 76' lang='lat' dir='ltr'><strong>pergantperegrinantur,</strong></span> <span class='ocrx_word' id='word_1_57' title='bbox 995 1151 1294 1226; x_wconf 80' lang='lat' dir='ltr'><strong>adstudiedignitstis</strong></span> <span class='ocrx_word' id='word_1_58' title='bbox 1304 1150 1445 1224; x_wconf 75' lang='lat' dir='ltr'><strong>nauigent</strong></span> <span class='ocrx_word' id='word_1_59' title='bbox 1457 1152 1558 1225; x_wconf 85' lang='lat' dir='ltr'><strong>ecqui·</strong></span> 
     </span>
     <span class='ocr_line' id='line_1_9' title="bbox 433 1253 1560 1328; baseline 0.001 -16"><span class='ocrx_word' id='word_1_60' title='bbox 433 1253 522 1312; x_wconf 88' lang='lat' dir='ltr'><strong>reuda</strong></span> <span class='ocrx_word' id='word_1_61' title='bbox 546 1253 594 1312; x_wconf 92' lang='lat' dir='ltr'><strong>uel</strong></span> <span class='ocrx_word' id='word_1_62' title='bbox 619 1253 656 1314; x_wconf 86' lang='lat' dir='ltr'><strong>ad</strong></span> <span class='ocrx_word' id='word_1_63' title='bbox 680 1269 782 1313; x_wconf 87' lang='lat' dir='ltr'><strong>causes</strong></span> <span class='ocrx_word' id='word_1_64' title='bbox 807 1253 973 1327; x_wconf 86' lang='lat' dir='ltr'><strong>patrimonii</strong></span> <span class='ocrx_word' id='word_1_65' title='bbox 1001 1255 1113 1328; x_wconf 83' lang='lat' dir='ltr'><strong>aliquas</strong></span> <span class='ocrx_word' id='word_1_66' title='bbox 1136 1253 1322 1328; x_wconf 82' lang='lat' dir='ltr'><strong>explicandas</strong></span> <span class='ocrx_word' id='word_1_67' title='bbox 1336 1270 1387 1327; x_wconf 87' lang='lat' dir='ltr'><strong>por</strong></span> <span class='ocrx_word' id='word_1_68' title='bbox 1401 1253 1515 1314; x_wconf 78' lang='lat' dir='ltr'><strong>labores</strong></span> <span class='ocrx_word' id='word_1_69' title='bbox 1529 1255 1560 1313; x_wconf 90' lang='lat' dir='ltr'><strong>et</strong></span> 
     </span>
     <span class='ocr_line' id='line_1_10' title="bbox 432 1353 1558 1432; baseline -0.001 -17"><span class='ocrx_word' id='word_1_70' title='bbox 432 1353 558 1428; x_wconf 86' lang='lat' dir='ltr'><strong>pericula</strong></span> <span class='ocrx_word' id='word_1_71' title='bbox 579 1355 791 1432; x_wconf 73' lang='lat' dir='ltr'><strong>proficiscentes</strong></span> <span class='ocrx_word' id='word_1_72' title='bbox 806 1371 905 1414; x_wconf 88' lang='lat' dir='ltr'><strong>ornnes</strong></span> <span class='ocrx_word' id='word_1_73' title='bbox 919 1356 1083 1429; x_wconf 87' lang='lat' dir='ltr'><strong>impellunt,</strong></span> <span class='ocrx_word' id='word_1_74' title='bbox 1110 1373 1163 1415; x_wconf 89' lang='lat' dir='ltr'><strong>uec</strong></span> <span class='ocrx_word' id='word_1_75' title='bbox 1176 1371 1272 1415; x_wconf 88' lang='lat' dir='ltr'><strong>secum</strong></span> <span class='ocrx_word' id='word_1_76' title='bbox 1288 1373 1390 1414; x_wconf 73' lang='lat' dir='ltr'><strong>namra</strong></span> <span class='ocrx_word' id='word_1_77' title='bbox 1403 1371 1475 1428; x_wconf 86' lang='lat' dir='ltr'><strong>ques</strong></span> <span class='ocrx_word' id='word_1_78' title='bbox 1490 1356 1558 1414; x_wconf 92' lang='lat' dir='ltr'><strong>dili·</strong></span> 
     </span>
     <span class='ocr_line' id='line_1_11' title="bbox 432 1456 1594 1530; baseline -0.003 -15"><span class='ocrx_word' id='word_1_79' title='bbox 432 1459 506 1529; x_wconf 74' lang='lat' dir='ltr'><strong>gunt</strong></span> <span class='ocrx_word' id='word_1_80' title='bbox 524 1457 682 1530; x_wconf 88' lang='lat' dir='ltr'><strong>patiuntur.</strong></span> <span class='ocrx_word' id='word_1_81' title='bbox 700 1458 729 1516; x_wconf 88' lang='lat' dir='ltr'><strong>et</strong></span> <span class='ocrx_word' id='word_1_82' title='bbox 744 1459 777 1517; x_wconf 89' lang='lat' dir='ltr'><strong>ut</strong></span> <span class='ocrx_word' id='word_1_83' title='bbox 791 1457 826 1515; x_wconf 88' lang='lat' dir='ltr'><strong>ed</strong></span> <span class='ocrx_word' id='word_1_84' title='bbox 842 1457 953 1529; x_wconf 83' lang='lat' dir='ltr'><strong>palatia</strong></span> <span class='ocrx_word' id='word_1_85' title='bbox 967 1457 1049 1530; x_wconf 87' lang='lat' dir='ltr'><strong>caeli,</strong></span> <span class='ocrx_word' id='word_1_86' title='bbox 1065 1457 1102 1516; x_wconf 87' lang='lat' dir='ltr'><strong>ed</strong></span> <span class='ocrx_word' id='word_1_87' title='bbox 1124 1457 1221 1517; x_wconf 88' lang='lat' dir='ltr'><strong>studia</strong></span> <span class='ocrx_word' id='word_1_88' title='bbox 1237 1456 1355 1528; x_wconf 79' lang='lat' dir='ltr'><strong>christi,</strong></span> <span class='ocrx_word' id='word_1_89' title='bbox 1369 1457 1406 1516; x_wconf 90' lang='lat' dir='ltr'><strong>ad</strong></span> <span class='ocrx_word' id='word_1_90' title='bbox 1422 1456 1557 1516; x_wconf 88' lang='lat' dir='ltr'><strong>bonorem</strong></span> <span class='ocrx_word' id='word_1_91' title='bbox 1567 1473 1594 1513; x_wconf 83' lang='lat' dir='ltr'><strong>ro</strong></span> 
     </span>
     <span class='ocr_line' id='line_1_12' title="bbox 433 1556 1559 1633; baseline 0.002 -17"><span class='ocrx_word' id='word_1_92' title='bbox 433 1557 510 1617; x_wconf 87' lang='lat' dir='ltr'><strong>uitae</strong></span> <span class='ocrx_word' id='word_1_93' title='bbox 524 1561 687 1632; x_wconf 71' lang='lat' dir='ltr'><strong>perpetuae,</strong></span> <span class='ocrx_word' id='word_1_94' title='bbox 701 1557 738 1617; x_wconf 88' lang='lat' dir='ltr'><strong>sd</strong></span> <span class='ocrx_word' id='word_1_95' title='bbox 753 1557 956 1632; x_wconf 78' lang='lat' dir='ltr'><strong>patrimonium</strong></span> <span class='ocrx_word' id='word_1_96' title='bbox 968 1559 1159 1633; x_wconf 80' lang='lat' dir='ltr'><strong>possessionis</strong></span> <span class='ocrx_word' id='word_1_97' title='bbox 1173 1561 1307 1618; x_wconf 80' lang='lat' dir='ltr'><strong>aeternae</strong></span> <span class='ocrx_word' id='word_1_98' title='bbox 1325 1576 1389 1618; x_wconf 89' lang='lat' dir='ltr'><strong>cnm</strong></span> <span class='ocrx_word' id='word_1_99' title='bbox 1404 1556 1559 1618; x_wconf 76' lang='lat' dir='ltr'><strong>securitate</strong></span> 
     </span>
     <span class='ocr_line' id='line_1_13' title="bbox 433 1659 1557 1734; baseline 0.002 -16"><span class='ocrx_word' id='word_1_100' title='bbox 433 1660 549 1720; x_wconf 80' lang='lat' dir='ltr'><strong>rrnleant</strong></span> <span class='ocrx_word' id='word_1_101' title='bbox 563 1660 722 1734; x_wconf 85' lang='lat' dir='ltr'><strong>peruenire,</strong></span> <span class='ocrx_word' id='word_1_102' title='bbox 736 1677 819 1720; x_wconf 90' lang='lat' dir='ltr'><strong>nemo</strong></span> <span class='ocrx_word' id='word_1_103' title='bbox 833 1660 909 1720; x_wconf 87' lang='lat' dir='ltr'><strong>filios</strong></span> <span class='ocrx_word' id='word_1_104' title='bbox 923 1677 991 1720; x_wconf 87' lang='lat' dir='ltr'><strong>suos</strong></span> <span class='ocrx_word' id='word_1_105' title='bbox 1004 1661 1130 1720; x_wconf 83' lang='lat' dir='ltr'><strong>libenter</strong></span> <span class='ocrx_word' id='word_1_106' title='bbox 1141 1679 1158 1720; x_wconf 86' lang='lat' dir='ltr'><strong>n</strong></span> <span class='ocrx_word' id='word_1_107' title='bbox 1169 1678 1201 1721; x_wconf 88' lang='lat' dir='ltr'><strong>se</strong></span> <span class='ocrx_word' id='word_1_108' title='bbox 1215 1659 1380 1734; x_wconf 73' lang='lat' dir='ltr'><strong>gratulatur</strong></span> <span class='ocrx_word' id='word_1_109' title='bbox 1393 1661 1557 1721; x_wconf 81' lang='lat' dir='ltr'><strong>abscedam.</strong></span> 
     </span>
     <span class='ocr_line' id='line_1_14' title="bbox 435 1761 1559 1836; baseline 0 -16"><span class='ocrx_word' id='word_1_110' title='bbox 435 1764 552 1835; x_wconf 83' lang='lat' dir='ltr'><strong>propter</strong></span> <span class='ocrx_word' id='word_1_111' title='bbox 565 1762 676 1821; x_wconf 84' lang='lat' dir='ltr'><strong>incerte</strong></span> <span class='ocrx_word' id='word_1_112' title='bbox 689 1777 741 1835; x_wconf 91' lang='lat' dir='ltr'><strong>per</strong></span> <span class='ocrx_word' id='word_1_113' title='bbox 754 1761 864 1820; x_wconf 87' lang='lat' dir='ltr'><strong>incerta</strong></span> <span class='ocrx_word' id='word_1_114' title='bbox 890 1762 981 1821; x_wconf 89' lang='lat' dir='ltr'><strong>dlinm</strong></span> <span class='ocrx_word' id='word_1_115' title='bbox 1002 1761 1049 1822; x_wconf 92' lang='lat' dir='ltr'><strong>uel</strong></span> <span class='ocrx_word' id='word_1_116' title='bbox 1070 1762 1191 1822; x_wconf 83' lang='lat' dir='ltr'><strong>fratrem</strong></span> <span class='ocrx_word' id='word_1_117' title='bbox 1206 1762 1253 1821; x_wconf 91' lang='lat' dir='ltr'><strong>uel</strong></span> <span class='ocrx_word' id='word_1_118' title='bbox 1270 1763 1417 1836; x_wconf 82' lang='lat' dir='ltr'><strong>parentem</strong></span> <span class='ocrx_word' id='word_1_119' title='bbox 1430 1763 1559 1836; x_wconf 80' lang='lat' dir='ltr'><strong>peregri-</strong></span> 
     </span>
     <span class='ocr_line' id='line_1_15' title="bbox 434 1862 1560 1938; baseline 0.003 -19"><span class='ocrx_word' id='word_1_120' title='bbox 434 1862 497 1920; x_wconf 87' lang='lat' dir='ltr'><strong>nari</strong></span> <span class='ocrx_word' id='word_1_121' title='bbox 511 1863 706 1936; x_wconf 87' lang='lat' dir='ltr'><strong>uuusquisque</strong></span> <span class='ocrx_word' id='word_1_122' title='bbox 720 1863 876 1936; x_wconf 91' lang='lat' dir='ltr'><strong>compellit,</strong></span> <span class='ocrx_word' id='word_1_123' title='bbox 891 1865 922 1922; x_wconf 93' lang='lat' dir='ltr'><strong>et</strong></span> <span class='ocrx_word' id='word_1_124' title='bbox 936 1867 1054 1938; x_wconf 87' lang='lat' dir='ltr'><strong>propter</strong></span> <span class='ocrx_word' id='word_1_125' title='bbox 1068 1865 1148 1923; x_wconf 89' lang='lat' dir='ltr'><strong>certa</strong></span> <span class='ocrx_word' id='word_1_126' title='bbox 1157 1880 1209 1937; x_wconf 90' lang='lat' dir='ltr'><strong>per</strong></span> <span class='ocrx_word' id='word_1_127' title='bbox 1220 1867 1300 1922; x_wconf 86' lang='lat' dir='ltr'><strong>certa</strong></span> <span class='ocrx_word' id='word_1_128' title='bbox 1310 1879 1424 1922; x_wconf 89' lang='lat' dir='ltr'><strong>suorum</strong></span> <span class='ocrx_word' id='word_1_129' title='bbox 1435 1862 1560 1936; x_wconf 82' lang='lat' dir='ltr'><strong>aliquem</strong></span> 
     </span>
     <span class='ocr_line' id='line_1_16' title="bbox 434 1963 1597 2040; baseline -0.002 -17"><span class='ocrx_word' id='word_1_130' title='bbox 434 1963 576 2038; x_wconf 92' lang='lat' dir='ltr'><strong>prodcisci</strong></span> <span class='ocrx_word' id='word_1_131' title='bbox 591 1964 689 2024; x_wconf 90' lang='lat' dir='ltr'><strong>nullus</strong></span> <span class='ocrx_word' id='word_1_132' title='bbox 711 1963 849 2024; x_wconf 75' lang='lat' dir='ltr'><strong>admittit.</strong></span> <span class='ocrx_word' id='word_1_133' title='bbox 874 1965 910 2024; x_wconf 88' lang='lat' dir='ltr'><strong>sd</strong></span> <span class='ocrx_word' id='word_1_134' title='bbox 935 1966 1128 2040; x_wconf 85' lang='lat' dir='ltr'><strong>comparanda</strong></span> <span class='ocrx_word' id='word_1_135' title='bbox 1152 1965 1271 2040; x_wconf 83' lang='lat' dir='ltr'><strong>peccota</strong></span> <span class='ocrx_word' id='word_1_136' title='bbox 1292 1965 1417 2039; x_wconf 56' lang='lat' dir='ltr'><strong>madent</strong></span> <span class='ocrx_word' id='word_1_137' title='bbox 1431 1966 1491 2024; x_wconf 88' lang='lat' dir='ltr'><strong>tem</strong></span> <span class='ocrx_word' id='word_1_138' title='bbox 1505 1981 1558 2039; x_wconf 86' lang='lat' dir='ltr'><strong>pa·</strong></span> <span class='ocrx_word' id='word_1_139' title='bbox 1570 1981 1597 2021; x_wconf 82' lang='lat' dir='ltr'><strong>rs</strong></span> 
     </span>
     <span class='ocr_line' id='line_1_17' title="bbox 435 2066 1560 2142; baseline 0.001 -17"><span class='ocrx_word' id='word_1_140' title='bbox 435 2069 531 2126; x_wconf 90' lang='lat' dir='ltr'><strong>rentes</strong></span> <span class='ocrx_word' id='word_1_141' title='bbox 545 2084 563 2125; x_wconf 85' lang='lat' dir='ltr'><strong>s</strong></span> <span class='ocrx_word' id='word_1_142' title='bbox 577 2067 647 2126; x_wconf 86' lang='lat' dir='ltr'><strong>tiliis</strong></span> <span class='ocrx_word' id='word_1_143' title='bbox 663 2083 748 2141; x_wconf 87' lang='lat' dir='ltr'><strong>quarn</strong></span> <span class='ocrx_word' id='word_1_144' title='bbox 763 2066 816 2125; x_wconf 87' lang='lat' dir='ltr'><strong>dlii</strong></span> <span class='ocrx_word' id='word_1_145' title='bbox 832 2068 1032 2140; x_wconf 87' lang='lat' dir='ltr'><strong>aparentibus</strong></span> <span class='ocrx_word' id='word_1_146' title='bbox 1047 2070 1218 2142; x_wconf 89' lang='lat' dir='ltr'><strong>prouocants</strong></span> <span class='ocrx_word' id='word_1_147' title='bbox 1233 2066 1346 2126; x_wconf 88' lang='lat' dir='ltr'><strong>diabolo</strong></span> <span class='ocrx_word' id='word_1_148' title='bbox 1362 2067 1499 2141; x_wconf 87' lang='lat' dir='ltr'><strong>separari,</strong></span> <span class='ocrx_word' id='word_1_149' title='bbox 1522 2068 1560 2126; x_wconf 85' lang='lat' dir='ltr'><strong>sd</strong></span> 
     </span>
     <span class='ocr_line' id='line_1_18' title="bbox 436 2167 1561 2242; baseline 0.003 -17"><span class='ocrx_word' id='word_1_150' title='bbox 436 2167 643 2241; x_wconf 81' lang='lat' dir='ltr'><strong>indulgentium</strong></span> <span class='ocrx_word' id='word_1_151' title='bbox 658 2169 868 2242; x_wconf 88' lang='lat' dir='ltr'><strong>percipiendam</strong></span> <span class='ocrx_word' id='word_1_152' title='bbox 882 2168 986 2229; x_wconf 87' lang='lat' dir='ltr'><strong>uolunt</strong></span> <span class='ocrx_word' id='word_1_153' title='bbox 1008 2169 1044 2228; x_wconf 86' lang='lat' dir='ltr'><strong>sb</strong></span> <span class='ocrx_word' id='word_1_154' title='bbox 1066 2167 1189 2229; x_wconf 91' lang='lat' dir='ltr'><strong>inuicem</strong></span> <span class='ocrx_word' id='word_1_155' title='bbox 1203 2169 1262 2228; x_wconf 90' lang='lat' dir='ltr'><strong>Deo</strong></span> <span class='ocrx_word' id='word_1_156' title='bbox 1285 2171 1403 2228; x_wconf 84' lang='lat' dir='ltr'><strong>nocente</strong></span> <span class='ocrx_word' id='word_1_157' title='bbox 1426 2167 1561 2240; x_wconf 85' lang='lat' dir='ltr'><strong>discerni,</strong></span> 
     </span>
     <span class='ocr_line' id='line_1_19' title="bbox 437 2269 1564 2344; baseline 0.004 -19"><span class='ocrx_word' id='word_1_158' title='bbox 437 2272 470 2328; x_wconf 90' lang='grc' dir='ltr'><strong>ιιι</strong></span> <span class='ocrx_word' id='word_1_159' title='bbox 484 2272 623 2343; x_wconf 85' lang='lat' dir='ltr'><strong>appareat</strong></span> <span class='ocrx_word' id='word_1_160' title='bbox 635 2274 693 2329; x_wconf 90' lang='lat' dir='ltr'><strong>nen</strong></span> <span class='ocrx_word' id='word_1_161' title='bbox 706 2286 758 2343; x_wconf 93' lang='lat' dir='ltr'><strong>pro</strong></span> <span class='ocrx_word' id='word_1_162' title='bbox 772 2269 883 2330; x_wconf 88' lang='lat' dir='ltr'><strong>ratione</strong></span> <span class='ocrx_word' id='word_1_163' title='bbox 897 2273 997 2330; x_wconf 80' lang='lat' dir='ltr'><strong>nostra</strong></span> <span class='ocrx_word' id='word_1_164' title='bbox 1017 2287 1070 2331; x_wconf 90' lang='lat' dir='ltr'><strong>nos</strong></span> <span class='ocrx_word' id='word_1_165' title='bbox 1086 2271 1183 2331; x_wconf 92' lang='lat' dir='ltr'><strong>dolero</strong></span> <span class='ocrx_word' id='word_1_166' title='bbox 1206 2287 1409 2344; x_wconf 87' lang='lat' dir='ltr'><strong>quemeumque</strong></span> <span class='ocrx_word' id='word_1_167' title='bbox 1433 2270 1564 2330; x_wconf 90' lang='lat' dir='ltr'><strong>uidemur</strong></span> 
     </span>
     <span class='ocr_line' id='line_1_20' title="bbox 437 2369 1563 2444; baseline 0 -17"><span class='ocrx_word' id='word_1_168' title='bbox 437 2369 578 2442; x_wconf 85' lang='lat' dir='ltr'><strong>emittere,</strong></span> <span class='ocrx_word' id='word_1_169' title='bbox 592 2372 642 2429; x_wconf 91' lang='lat' dir='ltr'><strong>sed</strong></span> <span class='ocrx_word' id='word_1_170' title='bbox 652 2369 789 2430; x_wconf 88' lang='lat' dir='ltr'><strong>indicium</strong></span> <span class='ocrx_word' id='word_1_171' title='bbox 799 2369 1052 2444; x_wconf 57' lang='lat' dir='ltr'><strong>mopsustenses</strong></span> <span class='ocrx_word' id='word_1_172' title='bbox 1063 2370 1250 2444; x_wconf 80' lang='lat' dir='ltr'><strong>diffidentiae,</strong></span> <span class='ocrx_word' id='word_1_173' title='bbox 1262 2371 1312 2444; x_wconf 89' lang='lat' dir='ltr'><strong>qui</strong></span> <span class='ocrx_word' id='word_1_174' title='bbox 1323 2369 1563 2429; x_wconf 89' lang='lat' dir='ltr'><strong>nonsnstinemus</strong></span> 
     </span>
     <span class='ocr_line' id='line_1_21' title="bbox 439 2470 1597 2546; baseline -0.001 -15"><span class='ocrx_word' id='word_1_175' title='bbox 439 2474 601 2532; x_wconf 88' lang='lat' dir='ltr'><strong>nostrorum</strong></span> <span class='ocrx_word' id='word_1_176' title='bbox 615 2471 805 2546; x_wconf 80' lang='lat' dir='ltr'><strong>profectiones</strong></span> <span class='ocrx_word' id='word_1_177' title='bbox 820 2472 857 2532; x_wconf 85' lang='lat' dir='ltr'><strong>cd</strong></span> <span class='ocrx_word' id='word_1_178' title='bbox 871 2471 1034 2545; x_wconf 87' lang='lat' dir='ltr'><strong>Dominum,</strong></span> <span class='ocrx_word' id='word_1_179' title='bbox 1049 2489 1170 2545; x_wconf 85' lang='lat' dir='ltr'><strong>quorum</strong></span> <span class='ocrx_word' id='word_1_180' title='bbox 1183 2471 1429 2546; x_wconf 81' lang='lat' dir='ltr'><strong>peregrinationes</strong></span> <span class='ocrx_word' id='word_1_181' title='bbox 1449 2470 1480 2528; x_wconf 94' lang='lat' dir='ltr'><strong>in</strong></span> <span class='ocrx_word' id='word_1_182' title='bbox 1495 2486 1561 2530; x_wconf 90' lang='lat' dir='ltr'><strong>sae·</strong></span> <span class='ocrx_word' id='word_1_183' title='bbox 1570 2487 1597 2530; x_wconf 83' lang='grc' dir='ltr'>ιο</span> 
     </span>
     <span class='ocr_line' id='line_1_22' title="bbox 438 2571 1564 2652; baseline -0.004 -19"><span class='ocrx_word' id='word_1_184' title='bbox 438 2572 501 2633; x_wconf 91' lang='lat' dir='ltr'><strong>culo</strong></span> <span class='ocrx_word' id='word_1_185' title='bbox 521 2573 709 2648; x_wconf 73' lang='lat' dir='ltr'><strong>gratulamur.</strong></span> <span class='ocrx_word' id='word_1_186' title='bbox 731 2573 799 2647; x_wconf 86' lang='lat' dir='ltr'><strong>quia</strong></span> <span class='ocrx_word' id='word_1_187' title='bbox 813 2574 955 2633; x_wconf 87' lang='lat' dir='ltr'><strong>oredimus</strong></span> <span class='ocrx_word' id='word_1_188' title='bbox 968 2575 1068 2633; x_wconf 88' lang='lat' dir='ltr'><strong>mundi</strong></span> <span class='ocrx_word' id='word_1_189' title='bbox 1081 2573 1180 2652; x_wconf 89' lang='lat' dir='ltr'><strong>lucris,</strong></span> <span class='ocrx_word' id='word_1_190' title='bbox 1195 2573 1351 2632; x_wconf 88' lang='lat' dir='ltr'><strong>toleramus</strong></span> <span class='ocrx_word' id='word_1_191' title='bbox 1366 2572 1458 2632; x_wconf 87' lang='lat' dir='ltr'><strong>diuisa</strong></span> <span class='ocrx_word' id='word_1_192' title='bbox 1471 2571 1564 2630; x_wconf 90' lang='lat' dir='ltr'><strong>nostri</strong></span> 
     </span>
     <span class='ocr_line' id='line_1_23' title="bbox 437 2673 1563 2750; baseline -0.003 -16"><span class='ocrx_word' id='word_1_193' title='bbox 437 2675 563 2749; x_wconf 87' lang='lat' dir='ltr'><strong>eorporis</strong></span> <span class='ocrx_word' id='word_1_194' title='bbox 575 2676 709 2734; x_wconf 86' lang='lat' dir='ltr'><strong>membra.</strong></span> <span class='ocrx_word' id='word_1_195' title='bbox 725 2675 904 2735; x_wconf 88' lang='lat' dir='ltr'><strong>sicredimus</strong></span> <span class='ocrx_word' id='word_1_196' title='bbox 915 2675 968 2735; x_wconf 90' lang='lat' dir='ltr'><strong>Dei</strong></span> <span class='ocrx_word' id='word_1_197' title='bbox 978 2675 1138 2749; x_wconf 86' lang='lat' dir='ltr'><strong>premissis,</strong></span> <span class='ocrx_word' id='word_1_198' title='bbox 1150 2677 1216 2750; x_wconf 83' lang='lat' dir='ltr'><strong>post</strong></span> <span class='ocrx_word' id='word_1_199' title='bbox 1230 2673 1436 2735; x_wconf 74' lang='lat' dir='ltr'><strong>abscessionem</strong></span> <span class='ocrx_word' id='word_1_200' title='bbox 1450 2674 1563 2731; x_wconf 91' lang='lat' dir='ltr'><strong>uestro·</strong></span> 
     </span>
     <span class='ocr_line' id='line_1_24' title="bbox 437 2773 1565 2852; baseline -0.003 -15"><span class='ocrx_word' id='word_1_201' title='bbox 437 2795 502 2837; x_wconf 87' lang='lat' dir='ltr'><strong>rum</strong></span> <span class='ocrx_word' id='word_1_202' title='bbox 528 2777 601 2837; x_wconf 88' lang='lat' dir='ltr'><strong>nihil</strong></span> <span class='ocrx_word' id='word_1_203' title='bbox 632 2777 712 2838; x_wconf 89' lang='lat' dir='ltr'><strong>aliud</strong></span> <span class='ocrx_word' id='word_1_204' title='bbox 733 2793 817 2852; x_wconf 84' lang='lat' dir='ltr'><strong>quam</strong></span> <span class='ocrx_word' id='word_1_205' title='bbox 843 2777 954 2850; x_wconf 81' lang='lat' dir='ltr'><strong>gratias</strong></span> <span class='ocrx_word' id='word_1_206' title='bbox 980 2777 1130 2837; x_wconf 88' lang='lat' dir='ltr'><strong>debuerint</strong></span> <span class='ocrx_word' id='word_1_207' title='bbox 1155 2793 1288 2837; x_wconf 78' lang='lat' dir='ltr'><strong>resonare</strong></span> <span class='ocrx_word' id='word_1_208' title='bbox 1324 2774 1414 2836; x_wconf 91' lang='lat' dir='ltr'><strong>nostri</strong></span> <span class='ocrx_word' id='word_1_209' title='bbox 1442 2773 1565 2849; x_wconf 88' lang='lat' dir='ltr'><strong>pectoris</strong></span> 
     </span>
    </p>
   </div>
   <div class='ocr_carea' id='block_1_3' title="bbox 439 3136 1574 4320">
    <p class='ocr_par' dir='ltr' id='par_1_3' title="bbox 439 3136 1574 4320">
     <span class='ocr_line' id='line_1_25' title="bbox 510 3136 1574 3210; baseline 0.001 -18"><span class='ocrx_word' id='word_1_210' title='bbox 510 3141 607 3192; x_wconf 85' lang='lat' dir='ltr'><strong>lsuee</strong></span> <span class='ocrx_word' id='word_1_211' title='bbox 624 3152 731 3210; x_wconf 78' lang='lat' dir='ltr'><strong>quaep</strong></span> <span class='ocrx_word' id='word_1_212' title='bbox 863 3138 1111 3193; x_wconf 81' lang='lat' dir='ltr'><strong>2dcsolationesb</strong></span> <span class='ocrx_word' id='word_1_213' title='bbox 1248 3137 1371 3191; x_wconf 82' lang='lat' dir='ltr'><strong>bonrines</strong></span> <span class='ocrx_word' id='word_1_214' title='bbox 1389 3136 1458 3191; x_wconf 78' lang='lat' dir='ltr'><strong>terre</strong></span> <span class='ocrx_word' id='word_1_215' title='bbox 1475 3137 1574 3193; x_wconf 62' lang='grc' dir='ltr'><strong>Ζῆν’</strong></span> 
     </span>
     <span class='ocr_line' id='line_1_26' title="bbox 441 3208 1568 3295; baseline 0.002 -19"><span class='ocrx_word' id='word_1_216' title='bbox 441 3208 656 3292; x_wconf 69' lang='lat' dir='ltr'><strong>numquain&#39;eea</strong></span> <span class='ocrx_word' id='word_1_217' title='bbox 674 3225 701 3277; x_wconf 88' lang='grc' dir='ltr'><em>Ζ</em></span> <span class='ocrx_word' id='word_1_218' title='bbox 802 3225 873 3294; x_wconf 87' lang='lat' dir='ltr'><strong>ase]</strong></span> <span class='ocrx_word' id='word_1_219' title='bbox 891 3229 1015 3295; x_wconf 86' lang='lat' dir='ltr'><strong>parentes</strong></span> <span class='ocrx_word' id='word_1_220' title='bbox 1033 3241 1050 3280; x_wconf 90' lang='lat' dir='ltr'><strong>a</strong></span> <span class='ocrx_word' id='word_1_221' title='bbox 1068 3225 1131 3280; x_wconf 84' lang='lat' dir='ltr'><strong>seb</strong></span> <span class='ocrx_word' id='word_1_222' title='bbox 1231 3224 1316 3278; x_wconf 73' lang='lat' dir='ltr'><strong>dant</strong></span> <span class='ocrx_word' id='word_1_223' title='bbox 1332 3225 1442 3292; x_wconf 88' lang='lat' dir='ltr'><strong>propter</strong></span> <span class='ocrx_word' id='word_1_224' title='bbox 1459 3223 1568 3278; x_wconf 83' lang='lat' dir='ltr'><strong>litteras</strong></span> 
     </span>
     <span class='ocr_line' id='line_1_27' title="bbox 440 3307 1569 3380; baseline 0.004 -22"><span class='ocrx_word' id='word_1_225' title='bbox 440 3309 527 3362; x_wconf 70' lang='lat' dir='ltr'><strong>«socie</strong></span> <span class='ocrx_word' id='word_1_226' title='bbox 641 3309 735 3362; x_wconf 78' lang='lat' dir='ltr'><strong>biota</strong></span> <span class='ocrx_word' id='word_1_227' title='bbox 752 3310 811 3362; x_wconf 85' lang='lat' dir='ltr'><strong>uite</strong></span> <span class='ocrx_word' id='word_1_228' title='bbox 827 3311 884 3378; x_wconf 78' lang='lat' dir='ltr'><strong>bpo</strong></span> <span class='ocrx_word' id='word_1_229' title='bbox 998 3310 1166 3380; x_wconf 86' lang='lat' dir='ltr'><strong>commorari]</strong></span> <span class='ocrx_word' id='word_1_230' title='bbox 1184 3310 1342 3363; x_wconf 80' lang='lat' dir='ltr'><strong>commoneri</strong></span> <span class='ocrx_word' id='word_1_231' title='bbox 1360 3309 1387 3362; x_wconf 89' lang='grc' dir='ltr'><em>Ζ</em></span> <span class='ocrx_word' id='word_1_232' title='bbox 1501 3307 1569 3363; x_wconf 86' lang='lat' dir='ltr'><strong>6de</strong></span> 
     </span>
     <span class='ocr_line' id='line_1_28' title="bbox 441 3381 1536 3465; baseline 0.005 -22"><span class='ocrx_word' id='word_1_233' title='bbox 441 3392 497 3444; x_wconf 84' lang='lat' dir='ltr'><strong>suis</strong></span> <span class='ocrx_word' id='word_1_234' title='bbox 515 3393 627 3462; x_wconf 86' lang='lat' dir='ltr'><strong>cupiunt</strong></span> <span class='ocrx_word' id='word_1_235' title='bbox 644 3393 686 3449; x_wconf 84' lang='lat' dir='ltr'><strong>Ze</strong></span> <span class='ocrx_word' id='word_1_236' title='bbox 801 3393 950 3465; x_wconf 75' lang='lat' dir='ltr'><strong>ipslstia]</strong></span> <span class='ocrx_word' id='word_1_237' title='bbox 968 3381 1055 3464; x_wconf 68' lang='lat' dir='ltr'><strong>ptum</strong></span> <span class='ocrx_word' id='word_1_238' title='bbox 1073 3395 1101 3449; x_wconf 85' lang='lat' dir='ltr'><strong><em>Z</em></strong></span> <span class='ocrx_word' id='word_1_239' title='bbox 1253 3395 1297 3448; x_wconf 87' lang='lat' dir='ltr'><strong>uel</strong></span> <span class='ocrx_word' id='word_1_240' title='bbox 1315 3393 1491 3463; x_wconf 84' lang='lat' dir='ltr'><strong>adquirendae</strong></span> <span class='ocrx_word' id='word_1_241' title='bbox 1509 3396 1536 3448; x_wconf 91' lang='grc' dir='ltr'><em>Ζ</em></span> 
     </span>
     <span class='ocr_line' id='line_1_29' title="bbox 441 3478 1569 3550; baseline 0.003 -19"><span class='ocrx_word' id='word_1_242' title='bbox 441 3478 509 3532; x_wconf 72' lang='lat' dir='ltr'><strong>ted</strong></span> <span class='ocrx_word' id='word_1_243' title='bbox 528 3493 579 3532; x_wconf 79' lang='lat' dir='ltr'><strong>orn.</strong></span> <span class='ocrx_word' id='word_1_244' title='bbox 597 3479 638 3534; x_wconf 86' lang='lat' dir='ltr'><strong>Ze</strong></span> <span class='ocrx_word' id='word_1_245' title='bbox 735 3479 839 3548; x_wconf 84' lang='lat' dir='ltr'><strong>aliquas</strong></span> <span class='ocrx_word' id='word_1_246' title='bbox 857 3495 908 3536; x_wconf 76' lang='lat' dir='ltr'><strong>oea.</strong></span> <span class='ocrx_word' id='word_1_247' title='bbox 926 3480 968 3534; x_wconf 88' lang='grc' dir='ltr'>Ζιι</span> <span class='ocrx_word' id='word_1_248' title='bbox 1064 3497 1113 3550; x_wconf 87' lang='lat' dir='ltr'><strong>per</strong></span> <span class='ocrx_word' id='word_1_249' title='bbox 1128 3482 1149 3535; x_wconf 91' lang='lat' dir='ltr'><strong>l.</strong></span> <span class='ocrx_word' id='word_1_250' title='bbox 1166 3497 1190 3534; x_wconf 89' lang='lat' dir='ltr'><strong>e.</strong></span> <span class='ocrx_word' id='word_1_251' title='bbox 1207 3481 1335 3550; x_wconf 86' lang='lat' dir='ltr'><strong>pericula]</strong></span> <span class='ocrx_word' id='word_1_252' title='bbox 1352 3496 1413 3535; x_wconf 89' lang='lat' dir='ltr'><strong>cum</strong></span> <span class='ocrx_word' id='word_1_253' title='bbox 1430 3479 1522 3534; x_wconf 87' lang='lat' dir='ltr'><strong>labore</strong></span> <span class='ocrx_word' id='word_1_254' title='bbox 1540 3483 1569 3534; x_wconf 83' lang='grc' dir='ltr'>οι</span> 
     </span>
     <span class='ocr_line' id='line_1_30' title="bbox 440 3563 1568 3635; baseline 0.003 -20"><span class='ocrx_word' id='word_1_255' title='bbox 440 3563 594 3630; x_wconf 85' lang='lat' dir='ltr'><strong>pericnlob</strong></span> <span class='ocrx_word' id='word_1_256' title='bbox 717 3565 842 3619; x_wconf 64' lang='lat' dir='ltr'><strong>§lomnes</strong></span> <span class='ocrx_word' id='word_1_257' title='bbox 859 3581 909 3619; x_wconf 86' lang='lat' dir='ltr'><strong>em.</strong></span> <span class='ocrx_word' id='word_1_258' title='bbox 927 3580 981 3634; x_wconf 75' lang='lat' dir='ltr'><strong>spo</strong></span> <span class='ocrx_word' id='word_1_259' title='bbox 1105 3566 1139 3621; x_wconf 87' lang='lat'><strong>10</strong></span> <span class='ocrx_word' id='word_1_260' title='bbox 1155 3565 1287 3635; x_wconf 88' lang='lat' dir='ltr'><strong>palatium</strong></span> <span class='ocrx_word' id='word_1_261' title='bbox 1305 3566 1346 3620; x_wconf 85' lang='lat' dir='ltr'><strong>Ze</strong></span> <span class='ocrx_word' id='word_1_262' title='bbox 1472 3565 1503 3617; x_wconf 96' lang='grc'><strong>11</strong></span> <span class='ocrx_word' id='word_1_263' title='bbox 1522 3563 1568 3633; x_wconf 90' lang='lat' dir='ltr'><strong>ad]</strong></span> 
     </span>
     <span class='ocr_line' id='line_1_31' title="bbox 442 3651 1564 3721; baseline 0 -17"><span class='ocrx_word' id='word_1_264' title='bbox 442 3653 470 3704; x_wconf 88' lang='lat' dir='ltr'><strong>et</strong></span> <span class='ocrx_word' id='word_1_265' title='bbox 487 3651 531 3706; x_wconf 83' lang='lat' dir='ltr'><strong>Zb</strong></span> <span class='ocrx_word' id='word_1_266' title='bbox 645 3651 679 3705; x_wconf 78' lang='lat'><strong>12</strong></span> <span class='ocrx_word' id='word_1_267' title='bbox 696 3667 713 3706; x_wconf 86' lang='lat' dir='ltr'><strong>e</strong></span> <span class='ocrx_word' id='word_1_268' title='bbox 730 3667 758 3706; x_wconf 87' lang='lat' dir='ltr'><strong>sc</strong></span> <span class='ocrx_word' id='word_1_269' title='bbox 774 3652 927 3707; x_wconf 83' lang='lat' dir='ltr'><strong>libenterb</strong></span> <span class='ocrx_word' id='word_1_270' title='bbox 1042 3652 1244 3708; x_wconf 84' lang='lat' dir='ltr'><strong>abscendecm</strong></span> <span class='ocrx_word' id='word_1_271' title='bbox 1354 3652 1388 3706; x_wconf 80' lang='lat'><strong>13</strong></span> <span class='ocrx_word' id='word_1_272' title='bbox 1405 3652 1564 3721; x_wconf 85' lang='lat' dir='ltr'><strong>propter...</strong></span> 
     </span>
     <span class='ocr_line' id='line_1_32' title="bbox 441 3735 1571 3808; baseline 0.001 -19"><span class='ocrx_word' id='word_1_273' title='bbox 441 3737 458 3789; x_wconf 81' lang='lat' dir='ltr'><strong>i.</strong></span> <span class='ocrx_word' id='word_1_274' title='bbox 478 3739 512 3790; x_wconf 84' lang='lat'><strong>15</strong></span> <span class='ocrx_word' id='word_1_275' title='bbox 531 3735 752 3791; x_wconf 68' lang='lat' dir='ltr'><strong>senissimae</strong></span> <span class='ocrx_word' id='word_1_276' title='bbox 819 3737 922 3792; x_wconf 86' lang='lat' dir='ltr'><strong>ineerta</strong></span> <span class='ocrx_word' id='word_1_277' title='bbox 939 3753 986 3806; x_wconf 89' lang='lat' dir='ltr'><strong>per</strong></span> <span class='ocrx_word' id='word_1_278' title='bbox 1004 3739 1116 3808; x_wconf 86' lang='lat' dir='ltr'><strong>inccrts]</strong></span> <span class='ocrx_word' id='word_1_279' title='bbox 1135 3754 1193 3792; x_wconf 85' lang='lat' dir='ltr'><strong>reru</strong></span> <span class='ocrx_word' id='word_1_280' title='bbox 1210 3737 1380 3792; x_wconf 83' lang='lat' dir='ltr'><strong>incertsurZ</strong></span> <span class='ocrx_word' id='word_1_281' title='bbox 1446 3736 1480 3790; x_wconf 84' lang='lat'><strong>14</strong></span> <span class='ocrx_word' id='word_1_282' title='bbox 1496 3739 1571 3790; x_wconf 74' lang='lat' dir='ltr'><strong>corte</strong></span> 
     </span>
     <span class='ocr_line' id='line_1_33' title="bbox 443 3819 1571 3893; baseline -0.001 -18"><span class='ocrx_word' id='word_1_283' title='bbox 443 3835 488 3888; x_wconf 88' lang='lat' dir='ltr'><strong>per</strong></span> <span class='ocrx_word' id='word_1_284' title='bbox 506 3822 590 3892; x_wconf 84' lang='lat' dir='ltr'><strong>certa]</strong></span> <span class='ocrx_word' id='word_1_285' title='bbox 608 3824 708 3876; x_wconf 70' lang='lat' dir='ltr'><strong>semem</strong></span> <span class='ocrx_word' id='word_1_286' title='bbox 726 3822 753 3875; x_wconf 87' lang='grc' dir='ltr'><em>Ζ</em></span> <span class='ocrx_word' id='word_1_287' title='bbox 844 3823 878 3876; x_wconf 87' lang='grc'><strong>16</strong></span> <span class='ocrx_word' id='word_1_288' title='bbox 895 3825 1016 3891; x_wconf 78' lang='lat' dir='ltr'><strong>seperari</strong></span> <span class='ocrx_word' id='word_1_289' title='bbox 1033 3827 1195 3893; x_wconf 86' lang='lat' dir='ltr'><strong>prouoceute</strong></span> <span class='ocrx_word' id='word_1_290' title='bbox 1211 3822 1319 3877; x_wconf 84' lang='lat' dir='ltr'><strong>disbolo</strong></span> <span class='ocrx_word' id='word_1_291' title='bbox 1338 3821 1379 3877; x_wconf 81' lang='lat' dir='ltr'><strong>Ze</strong></span> <span class='ocrx_word' id='word_1_292' title='bbox 1472 3819 1505 3875; x_wconf 90' lang='lat'><strong>18</strong></span> <span class='ocrx_word' id='word_1_293' title='bbox 1520 3836 1571 3890; x_wconf 88' lang='lat' dir='ltr'><strong>pa-</strong></span> 
     </span>
     <span class='ocr_line' id='line_1_34' title="bbox 440 3905 1569 3976; baseline 0.002 -19"><span class='ocrx_word' id='word_1_294' title='bbox 440 3905 500 3958; x_wconf 86' lang='lat' dir='ltr'><strong>reat</strong></span> <span class='ocrx_word' id='word_1_295' title='bbox 517 3907 551 3974; x_wconf 68' lang='grc' dir='ltr'><strong>μ’</strong></span> <span class='ocrx_word' id='word_1_296' title='bbox 641 3907 799 3974; x_wconf 83' lang='lat' dir='ltr'><strong>prunestre</strong></span> <span class='ocrx_word' id='word_1_297' title='bbox 816 3908 921 3961; x_wconf 88' lang='lat' dir='ltr'><strong>ratione</strong></span> <span class='ocrx_word' id='word_1_298' title='bbox 939 3922 988 3960; x_wconf 89' lang='lat' dir='ltr'><strong>nos</strong></span> <span class='ocrx_word' id='word_1_299' title='bbox 1006 3925 1031 3972; x_wconf 87' lang='lat' dir='ltr'><strong>o,</strong></span> <span class='ocrx_word' id='word_1_300' title='bbox 1048 3906 1232 3976; x_wconf 87' lang='lat' dir='ltr'><strong>probationem</strong></span> <span class='ocrx_word' id='word_1_301' title='bbox 1251 3909 1372 3960; x_wconf 72' lang='lat' dir='ltr'><strong>cosmum</strong></span> <span class='ocrx_word' id='word_1_302' title='bbox 1389 3908 1416 3960; x_wconf 99' lang='grc' dir='ltr'><em>Ζ</em></span> <span class='ocrx_word' id='word_1_303' title='bbox 1504 3920 1569 3974; x_wconf 86' lang='lat' dir='ltr'><strong>qne·</strong></span> 
     </span>
     <span class='ocr_line' id='line_1_35' title="bbox 440 3991 1570 4063; baseline 0.001 -19"><span class='ocrx_word' id='word_1_304' title='bbox 440 4006 585 4060; x_wconf 85' lang='lat' dir='ltr'><strong>cumquer</strong></span> <span class='ocrx_word' id='word_1_305' title='bbox 655 3991 689 4046; x_wconf 88' lang='grc'><strong>19</strong></span> <span class='ocrx_word' id='word_1_306' title='bbox 705 3991 734 4045; x_wconf 90' lang='lat' dir='ltr'><strong>in</strong></span> <span class='ocrx_word' id='word_1_307' title='bbox 752 3991 880 4046; x_wconf 90' lang='lat' dir='ltr'><strong>iudicium</strong></span> <span class='ocrx_word' id='word_1_308' title='bbox 897 3993 963 4061; x_wconf 82' lang='lat' dir='ltr'><strong>Zp¹,</strong></span> <span class='ocrx_word' id='word_1_309' title='bbox 980 3993 1111 4048; x_wconf 89' lang='lat' dir='ltr'><strong>iudicium</strong></span> <span class='ocrx_word' id='word_1_310' title='bbox 1130 3995 1164 4063; x_wconf 74' lang='grc' dir='ltr'><strong>μ’</strong></span> <span class='ocrx_word' id='word_1_311' title='bbox 1238 3993 1484 4061; x_wconf 75' lang='lat' dir='ltr'><strong>qui...p.279,1</strong></span> <span class='ocrx_word' id='word_1_312' title='bbox 1503 4006 1570 4061; x_wconf 79' lang='lat' dir='ltr'><strong>gau·</strong></span> 
     </span>
     <span class='ocr_line' id='line_1_36' title="bbox 439 4075 1569 4148; baseline 0.004 -21"><span class='ocrx_word' id='word_1_313' title='bbox 439 4076 589 4132; x_wconf 71' lang='lat' dir='ltr'><strong>&lt;liucinii</strong></span> <span class='ocrx_word' id='word_1_314' title='bbox 703 4076 740 4130; x_wconf 80' lang='lat'><strong>20</strong></span> <span class='ocrx_word' id='word_1_315' title='bbox 756 4077 933 4146; x_wconf 81' lang='lat' dir='ltr'><strong>professiones</strong></span> <span class='ocrx_word' id='word_1_316' title='bbox 951 4079 978 4131; x_wconf 90' lang='lat' dir='ltr'><strong><em>Z</em></strong></span> <span class='ocrx_word' id='word_1_317' title='bbox 1097 4079 1240 4148; x_wconf 79' lang='lat' dir='ltr'><strong>peregrina</strong></span> <span class='ocrx_word' id='word_1_318' title='bbox 1257 4079 1285 4132; x_wconf 87' lang='grc' dir='ltr'><em>Ζ</em></span> <span class='ocrx_word' id='word_1_319' title='bbox 1399 4077 1435 4132; x_wconf 71' lang='grc'><strong>21</strong></span> <span class='ocrx_word' id='word_1_320' title='bbox 1452 4077 1493 4132; x_wconf 90' lang='lat' dir='ltr'><strong>sie</strong></span> <span class='ocrx_word' id='word_1_321' title='bbox 1509 4075 1569 4132; x_wconf 90' lang='lat' dir='ltr'><strong>red·</strong></span> 
     </span>
     <span class='ocr_line' id='line_1_37' title="bbox 441 4162 1535 4235; baseline 0.001 -21"><span class='ocrx_word' id='word_1_322' title='bbox 441 4162 529 4216; x_wconf 85' lang='lat' dir='ltr'><strong>dimus</strong></span> <span class='ocrx_word' id='word_1_323' title='bbox 546 4165 588 4233; x_wconf 77' lang='grc' dir='ltr'><strong>μ’,</strong></span> <span class='ocrx_word' id='word_1_324' title='bbox 605 4162 630 4216; x_wconf 87' lang='lat' dir='ltr'><strong>si</strong></span> <span class='ocrx_word' id='word_1_325' title='bbox 648 4163 813 4218; x_wconf 78' lang='lat' dir='ltr'><strong>crederemus</strong></span> <span class='ocrx_word' id='word_1_326' title='bbox 830 4165 873 4219; x_wconf 86' lang='lat' dir='ltr'><strong>Ze</strong></span> <span class='ocrx_word' id='word_1_327' title='bbox 970 4167 999 4219; x_wconf 87' lang='lat' dir='ltr'><strong>et</strong></span> <span class='ocrx_word' id='word_1_328' title='bbox 1016 4165 1059 4220; x_wconf 87' lang='lat' dir='ltr'><strong>dei</strong></span> <span class='ocrx_word' id='word_1_329' title='bbox 1077 4166 1237 4235; x_wconf 85' lang='lat' dir='ltr'><strong>promissum</strong></span> <span class='ocrx_word' id='word_1_330' title='bbox 1250 4166 1276 4217; x_wconf 88' lang='lat' dir='ltr'><strong><em>Z</em></strong></span> <span class='ocrx_word' id='word_1_331' title='bbox 1359 4163 1498 4218; x_wconf 88' lang='lat' dir='ltr'><strong>absssione</strong></span> <span class='ocrx_word' id='word_1_332' title='bbox 1516 4183 1535 4232; x_wconf 72' lang='grc' dir='ltr'>ιι</span> 
     </span>
     <span class='ocr_line' id='line_1_38' title="bbox 440 4235 1332 4320; baseline 0.002 -19"><span class='ocrx_word' id='word_1_333' title='bbox 440 4248 475 4302; x_wconf 77' lang='grc'><strong>23</strong></span> <span class='ocrx_word' id='word_1_334' title='bbox 493 4249 606 4318; x_wconf 72' lang='lat' dir='ltr'><strong>gratioe]</strong></span> <span class='ocrx_word' id='word_1_335' title='bbox 624 4249 652 4302; x_wconf 89' lang='lat' dir='ltr'><strong>in</strong></span> <span class='ocrx_word' id='word_1_336' title='bbox 671 4235 721 4318; x_wconf 59' lang='lat' dir='ltr'><strong>gr}</strong></span> <span class='ocrx_word' id='word_1_337' title='bbox 739 4250 765 4304; x_wconf 90' lang='lat' dir='ltr'><strong><em>Z</em></strong></span> <span class='ocrx_word' id='word_1_338' title='bbox 867 4249 1047 4307; x_wconf 86' lang='lat' dir='ltr'><strong>debueranto</strong></span> <span class='ocrx_word' id='word_1_339' title='bbox 1151 4253 1286 4320; x_wconf 85' lang='lat' dir='ltr'><strong>pectorum</strong></span> <span class='ocrx_word' id='word_1_340' title='bbox 1306 4249 1332 4302; x_wconf 84' lang='grc' dir='ltr'><em>Ζ</em></span> 
     </span>
    </p>
   </div>
   <div class='ocr_carea' id='block_1_4' title="bbox 0 0 2019 5066">
    <p class='ocr_par' dir='ltr' id='par_1_4' title="bbox 0 0 2019 5066">
     <span class='ocr_line' id='line_1_39' title="bbox 0 0 2019 5066; baseline 0 0"><span class='ocrx_word' id='word_1_341' title='bbox 0 0 2019 5066; x_wconf 95' lang='lat' dir='ltr'><strong> </strong></span> 
     </span>
    </p>
   </div>
  </div>
 </body>
</html>
