4014 5056
1441 426 1516 474 XXV

375 579 429 628 nes
451 559 545 628 modo
566 577 605 626 ex
628 557 687 627 hoc
707 559 801 626 modo
824 577 861 625 ex
882 558 940 625 illc
965 559 1137 626 uetustiore
1158 559 1241 627 libro
1263 559 1463 644 depromptas
1484 562 1518 626 in

374 673 499 738 tartum
523 671 693 754 reciperem
718 689 835 737 nouam
859 669 1008 756 effingens
1033 673 1242 739 recensionem
1263 690 1343 756 quae
1363 690 1517 754 nusquam

375 782 508 862 exstitit,
523 783 576 848 uel
590 783 674 849 inter
687 782 809 850 codices
818 783 851 847 et
861 783 963 848 aetate
977 783 1010 848 et
1023 782 1212 848 auctoritate
1227 799 1316 866 parea
1331 801 1430 848 unum
1444 801 1519 866 prae

378 895 488 960 ceteris
517 895 605 977 sequi
636 892 753 960 uellem
782 893 873 976 quasi
901 891 1077 959 nersionem
1105 911 1125 958 a
1153 891 1308 976 cypriano
1336 893 1520 976 usurpatam

378 1005 634 1088 repraesentaret.
655 1001 830 1088 permultos
850 1002 951 1087 igitur
970 1003 1064 1069 huius
1078 1001 1181 1070 libelli
1197 1002 1317 1070 radices
1332 1003 1463 1086 inspexi,
1482 1005 1521 1070 ut

378 1133 477 1180 unum
496 1113 671 1180 inuenirem
692 1113 747 1197 qui
766 1112 1019 1180 testimoniorum
1038 1112 1161 1179 textum
1175 1113 1216 1179 ad
1231 1113 1350 1180 certam
1365 1113 1523 1197 quandam

379 1224 494 1292 ueteris
518 1223 787 1309 interpretationis
811 1225 1023 1292 recensionem
1045 1223 1237 1310 castigatum
1259 1223 1399 1290 exhiberi
1422 1223 1523 1290 firmis

379 1335 505 1402 iudiciis
529 1335 704 1419 sponderet.
735 1335 784 1400 est
809 1351 883 1400 uero
907 1334 955 1399 ita
980 1333 1167 1418 conparatus
1193 1334 1288 1401 codar
1314 1334 1523 1400 bibliothecae

380 1443 573 1512 Sassorianae
587 1443 706 1526 LVlII,
728 1462 808 1510 saec.
825 1443 995 1510 VIII-IX
1014 1441 1069 1530 (cf.
1085 1444 1309 1512 Reifferscheid
1324 1443 1524 1511 Bibliotheca

379 1559 465 1638 patr.
486 1554 543 1622 lut.
564 1553 636 1621 ital.
657 1573 688 1638 p.
705 1553 794 1644 129),
816 1556 871 1638 qui
882 1555 1059 1642 Augustini
1079 1555 1162 1639 quod
1183 1555 1284 1622 fertur
1298 1553 1468 1637 Speratum
1484 1554 1524 1620 ab

381 1665 504 1750 Angelo
518 1665 604 1732 Maio
618 1666 653 1732 in
666 1664 761 1732 Patr.
776 1684 850 1732 acu.
866 1665 938 1734 bibl.
953 1667 1007 1732 12
1022 1686 1060 1732 ex
1074 1685 1110 1734 eo
1125 1668 1317 1749 descriptum
1334 1667 1366 1732 et
1377 1664 1525 1751 Cypriani

382 1778 447 1842 tres
460 1776 558 1843 libros
569 1776 625 1842 Ac
637 1775 815 1852 Quirinum
828 1777 884 1860 qui
897 1777 936 1842 de
949 1778 1159 1842 reaumaus
1172 1775 1297 1842 Obristi
1311 1776 1527 1842 inscribuntur

383 1887 531 1952 eontinet
554 1907 629 1954 nam
650 1906 687 1954 er
708 1888 866 1953 constanti
888 1887 1051 1970 utriusque
1073 1887 1148 1952 libri
1162 1889 1196 1952 in
1211 1887 1411 1971 grauioribus
1433 1887 1527 1952 rebus

384 2015 535 2063 consensu
549 1997 626 2080 quin
640 1997 747 2064 textus
761 1997 803 2063 ad
817 1999 935 2063 certam
950 1997 1108 2081 quandam
1122 1998 1241 2064 ueteris
1256 1996 1528 2080 interpretationis

385 2107 594 2173 recensionem
614 2108 790 2192 castigatus
811 2107 856 2174 sit
876 2107 1016 2174 dubitari
1035 2107 1154 2190 nequit.
1179 2125 1273 2189 quem
1293 2107 1432 2172 codicem
1456 2125 1529 2172 cum

385 2216 571 2298 primarium
585 2217 697 2284 ducem
713 2218 873 2303 eligerem,
890 2218 958 2285 eius
973 2218 1090 2285 auxilio
1100 2217 1371 2298 interpretationis
1381 2214 1530 2300 Cypriani

387 2326 545 2411 exemplar
566 2327 739 2413 genuinum
758 2327 884 2394 restitui
905 2345 995 2413 posse
1010 2348 1072 2395 non
1085 2327 1208 2419 putaui,
1231 2327 1286 2394 eed
1300 2329 1339 2393 nt
1352 2328 1386 2394 id
1401 2315 1528 2394 facibus

389 2437 458 2504 fieri
478 2437 646 2520 aliquando
664 2441 780 2521 posset,
801 2439 828 2504 ei
843 2440 913 2522 quis
934 2439 985 2505 uir
999 2439 1144 2507 strenuus
1159 2441 1193 2505 et
1207 2441 1319 2506 acutus
1334 2437 1530 2522 quaestiones

391 2547 464 2612 ibas
490 2565 567 2630 quas
592 2548 732 2616 indicaui
756 2547 911 2615 Sabaterii
934 2550 1074 2633 exemplo
1097 2551 1259 2633 susceptas
1281 2547 1531 2632 pertractauerit,

392 2656 540 2724 lectiones
560 2657 704 2724 codicum
719 2661 747 2726 B
759 2661 785 2725 L
796 2660 832 2726 ld
843 2660 886 2725 W
900 2679 976 2743 quos
991 2662 1188 2728 diuersarum
1202 2659 1419 2742 recensionum
1433 2659 1532 2726 testes

393 2787 459 2853 esse
475 2787 512 2835 ar
526 2769 725 2854 grauissimis
746 2772 921 2838 multorum
940 2772 1078 2838 locorum
1100 2771 1318 2855 discrepantiis
1339 2771 1478 2854 apparat,
1498 2769 1534 2834 in

394 2879 628 2945 adnotationem
642 2880 786 2947 criticam
800 2875 913 2966 recepi.
929 2883 963 2946 iu
978 2882 1197 2947 constituenda
1211 2897 1285 2945 uero
1301 2880 1418 2946 ueteris
1433 2880 1533 2944 intar-
1675 2891 1678 2896 “

395 2990 493 3074 pretia
518 2991 659 3058 oratione
687 2992 864 3078 logentium
887 2992 1104 3059 commoditati
1126 2991 1273 3059 nonnihil
1297 2989 1535 3057 condonandum

395 3117 462 3166 esse
475 3103 563 3166 ratus
574 3119 636 3166 non
648 3102 964 3185 tctamprouincialis
975 3103 1143 3169 latinitatis
1155 3102 1392 3169 deformitatem
1403 3100 1534 3167 admisit

396 3227 494 3293 neque
509 3211 593 3276 enim
607 3211 668 3278 hae
678 3212 712 3278 in
722 3231 757 3279 re
768 3211 928 3297 exploratu
942 3215 1017 3280 sunt
1031 3213 1143 3280 omnia
1161 3214 1301 3280 multum
1316 3213 1396 3279 scire
1410 3209 1537 3277 intersit

396 3339 473 3385 num
487 3321 580 3387 uetus
595 3322 655 3387 illa
667 3323 886 3406 interpretatio
897 3323 1047 3390 Africana
1060 3325 1219 3390 latinitate
1233 3324 1412 3408 consumpta
1428 3321 1536 3404 fuerit,

397 3431 430 3495 et
444 3431 472 3495 ai
487 3430 554 3497 eins
574 3433 621 3498 rei
642 3437 725 3500 certe
741 3434 852 3501 insunt
865 3435 991 3514 indicia,
1013 3453 1166 3518 quaenam
1181 3435 1248 3501 sint
1262 3434 1439 3518 quibusque
1453 3431 1538 3497 notis

398 3541 550 3608 dirorum
574 3542 789 3625 Hispanorum
815 3543 978 3612 Gallorum
1003 3545 1128 3628 propria
1154 3543 1402 3628 distinguantur.
1432 3542 1537 3608 Wiee-

399 3671 510 3721 manus
529 3653 620 3740 (Two
639 3654 745 3722 latere
764 3675 806 3722 oa
825 3676 906 3723 sonsa
917 3661 1011 3739 parta
1025 3657 1121 3740 oftbc
1135 3661 1332 3736 coctroccmq
1350 3655 1540 3735 waccraiap

400 3763 515 3832 rdet.
529 3767 559 3847 5,
574 3773 597 3832 7
611 3767 670 3833 etc.
685 3767 721 3833 in
734 3766 878 3834 Gattolic
889 3767 1065 3852 Mcpcaa‘ae
1079 3787 1106 3833 a
1123 3767 1217 3834 1832.
1236 3767 1333 3846 1833)
1349 3766 1383 3830 in
1398 3784 1434 3831 ea
1444 3764 1541 3832 Afro·

401 3895 470 3942 rum
494 3895 670 3946 sermonm
692 3879 931 3963 deprehendisse
951 3879 1012 3944 sibi
1032 3879 1120 3944 uisus
1141 3879 1199 3963 eet,
1225 3877 1335 3944 contra
1354 3877 1542 3962 argumenta

402 3987 617 4055 aWisernano
638 3990 763 4074 prolata
782 3990 864 4056 nibil
884 3991 988 4058 ualere
1010 3989 1109 4058 (lame
1131 3987 1209 4071 (Dic
1228 3987 1543 4072 Kircbcaqescbicttc

403 4117 463 4164 coa
484 4097 631 4182 Quian
657 4100 743 4167 1862
767 4101 786 4166 I
807 4120 837 4184 p.
860 4101 903 4168 86
923 4107 982 4184 sq.)
1008 4101 1222 4170 demonstrare
1248 4100 1383 4168 studuit
1410 4100 1450 4166 de
1470 4115 1543 4183 pro·

404 4209 549 4278 uincialis
569 4211 742 4279 latinitatis
762 4213 929 4298 generibus
943 4211 1049 4277 nullus
1064 4211 1280 4296 quaestionem
1294 4210 1447 4276 instituit.
1469 4227 1543 4276 nam

403 4319 459 4403 qui
472 4340 572 4405 nuper
585 4321 625 4388 de
639 4322 768 4407 uulgari
781 4339 923 4388 sermone
937 4321 1126 4405 scripserunt
1140 4321 1425 4404 locupletissimam
1438 4338 1544 4387 rerum
