4000 5066
911 419 1094 490 appendia

622 577 700 640 Hine
713 577 771 640 iter
784 579 821 638 ad
835 593 930 640 munos
944 580 974 638 st
987 577 1084 639 duleis
1096 596 1181 653 poma
1195 579 1310 654 salutm,

622 681 693 741 Inde
708 681 764 740 iter
778 681 816 739 ad
829 679 939 740 eaelum
953 695 1005 753 per
1019 697 1113 740 sames
1127 682 1238 742 arboris
1251 681 1337 742 altae.

623 783 686 844 lloe
699 780 810 855 lanum
824 780 902 842 uitae
915 779 1027 840 ematis
1041 781 1233 843 madentibus.
1254 799 1347 844 amen.

541 1197 593 1258 vl.
615 1197 669 1258 AD
689 1197 864 1258 unavml
885 1197 1054 1256 eumcum
1074 1197 1125 1258 Du
1146 1195 1455 1258 Rusuaamculouu

873 1307 1122 1369 uouuvouvm.

581 1498 597 1556 1
623 1471 682 1559 (lui
696 1494 768 1554 mihi
780 1494 920 1554 rurioolaa
935 1493 1033 1568 eplaui
1048 1494 1172 1554 earmina
1185 1510 1282 1555 musas

621 1595 660 1655 Et
672 1597 771 1656 uernis
783 1612 881 1655 roseas
896 1596 1014 1654 titulani
1028 1596 1146 1655 floribus
1160 1613 1245 1656 auras

618 1697 809 1772 latiumque
824 1713 928 1771 graues
942 1697 1086 1756 maturant
1100 1697 1202 1756 messis
1215 1697 1334 1770 aristas,

623 1799 735 1860 Suooidi
749 1799 875 1860 tumidas
889 1799 1019 1858 autumni
1033 1799 1143 1858 nitidus
1157 1815 1228 1858 uuas

580 1902 600 1960 5
621 1901 661 1961 Et
674 1901 777 1961 hiemis
791 1900 920 1974 pinetum
935 1901 1053 1960 laudaui
1068 1917 1179 1974 semper
1192 1899 1286 1960 eliuas

620 2003 723 2077 Adque
737 2003 898 2062 modulatas
914 2001 1023 2062 exolusi
1037 2002 1165 2062 lontibus
1180 1997 1275 2064 undas

621 2103 849 2178 Prandentisquo
863 2119 937 2177 uago
952 2103 1042 2164 oooini
1056 2104 1091 2164 da
1106 2103 1235 2178 granum
1250 2104 1355 2163 siluas:

618 2205 754 2264 Protinus
768 2205 913 2264 aetheriae
926 2205 1094 2264 modulabor
1107 2205 1224 2264 luminis
1239 2221 1314 2277 oras,

621 2307 684 2366 Iam
697 2305 769 2364 mihi
783 2305 920 2366 luciferas
934 2307 1021 2366 lioeat
1036 2306 1201 2380 contingere
1214 2323 1323 2379 musas,

560 2411 601 2469 10
620 2409 750 2468 Pandere
764 2409 892 2468 seoretas
905 2407 1017 2468 fluuiali
1032 2407 1138 2466 uertioo
1153 2409 1293 2483 nymphas

620 2511 659 2569 Et
674 2511 767 2570 laetas
781 2509 838 2568 alio
853 2509 964 2581 positas
979 2509 1139 2569 subsidere
1154 2509 1255 2580 siluas,

618 2611 815 2683 Autumnoque
830 2609 917 2668 simol
933 2611 1092 2670 memorabo
1107 2609 1231 2670 earmina
1246 2610 1387 2682 flammas,

619 2713 701 2772 Vnde
715 2730 793 2772 mare
807 2712 841 2770 in
855 2711 982 2772 tumidas
996 2713 1156 2772 inmensum
1169 2714 1288 2774 fluctuat
1302 2715 1405 2786 undae,

619 2815 698 2884 Quae
713 2815 806 2874 uirtus
820 2817 934 2874 moueat
949 2815 1055 2874 solidas
1070 2815 1235 2874 tremiscere
1251 2819 1353 2886 utras,

557 2915 598 2976 15
619 2916 658 2975 Et
672 2915 723 2974 lux
736 2917 812 2976 unde
826 2933 901 2976 nouo
915 2915 1100 2990 praefulserit
1114 2933 1201 2976 aurea
1215 2917 1329 2988 mundo,

501 3183 536 3237 69
552 3181 636 3250 uitae]
659 3181 720 3236 uita
741 3183 783 3234 est
805 3179 903 3234 Alam.
922 3209 957 3221 -
975 3180 1110 3250 Hymnum
1133 3181 1166 3235 de
1188 3181 1287 3251 paseha
1307 3181 1368 3236 Iesu
1391 3181 1495 3237 Christi
1518 3197 1561 3236 ex·

431 3267 603 3420 phmffl‘t
621 3350 732 3406 Caecilii
750 3349 879 3419 Cypiiani
897 3349 932 3404 ad
948 3350 1074 3404 Flauium
1091 3350 1208 3405 Felicem
1226 3350 1259 3404 da
1282 3353 1473 3407 resurreetione
1490 3367 1560 3407 mor·

432 3439 539 3491 tuorum
566 3436 591 3490 T
598 3475 605 3499 ,
629 3435 672 3490 Ad
694 3433 812 3488 Felicem
836 3434 869 3489 de
890 3435 1082 3488 resurreetione
1103 3439 1270 3490 mortuorum
1287 3437 1329 3502 D,
1352 3439 1561 3508 imenpttom

432 3539 483 3579 oea
501 3523 545 3587 W,
562 3521 727 3577 Tertulliani
743 3520 776 3574 da
793 3519 893 3574 iudicio
911 3519 1013 3574 domini
1032 3521 1099 3574 liber
1115 3537 1185 3574 unua
1197 3521 1348 3577 Fallaciae
1365 3525 1414 3591 aad
1430 3525 1481 3578 ltee
1498 3539 1560 3578 oar·

308 3629 311 3646 ·
431 3625 494 3663 mesa
508 3609 618 3676 primus
634 3607 727 3662 edida.
745 3635 780 3646 -·
798 3607 813 3660 1
832 3605 963 3659 ruriculas
985 3608 1011 3658 T
1126 3606 1233 3660 abtauit
1253 3609 1318 3664 TW
1429 3608 1562 3662 sumta

431 3694 475 3747 uit
494 3693 571 3748 TW*
673 3693 691 3746 3
708 3691 859 3746 maturauit
878 3691 954 3745 TW*
1057 3691 1143 3745 mista
1159 3691 1189 3744 D
1291 3693 1310 3748 4
1327 3693 1442 3748 snooidit
1461 3695 1528 3750 TW

431 3777 556 3832 humidae
578 3777 616 3833 W
755 3777 894 3829 autumnis
912 3775 994 3830 Nolle
1009 3776 1122 3845 ιὴιοῑορ.
1142 3777 1333 3847 Quurlalaclr.
1345 3783 1418 3833 1868
1431 3795 1460 3848 p.
1473 3781 1526 3833 444

432 3865 449 3919 5
466 3863 577 3918 laudaui
593 3863 701 3932 sampsi,
717 3859 822 3916 laudari
843 3861 915 3925 TW,
932 3859 1040 3914 laudare
1055 3860 1102 3916 Du
1204 3862 1290 3916 olibes
1306 3862 1338 3916 D
1439 3863 1457 3917 6
1475 3863 1560 3917 exolu-

432 3949 470 4003 sit
490 3950 556 4005 TW
649 3946 785 4002 frontibus
806 3947 831 4001 Τ
927 3945 946 4000 ‘l
965 3945 1170 4015 frondentesque
1193 3947 1246 4002 We
1338 3949 1356 4002 8
1373 3951 1501 4017 protenus
1522 3949 1562 4004 W

431 4034 544 4102 saeptus
613 4033 778 4087 aothsrsseo
847 4045 907 4084 oras
922 4029 954 4098 Τ,
966 4030 1047 4084 horas
1058 4029 1131 4095 DW,
1148 4047 1254 4086 aureae
1323 4033 1357 4086 10
1372 4033 1489 4103 pluuiali
1503 4034 1529 4090 T

431 4118 539 4190 nymfas
554 4117 593 4184 D,
609 4117 734 4188 lymphas
751 4116 865 4172 Fabato.
973 4115 1007 4168 12
1023 4115 1191 4170 memorabor
1210 4117 1237 4170 Τ
1345 4117 1467 4172 flammas
1488 4118 1561 4182 TW,

432 4221 522 4260 masaa
536 4205 583 4258 De
690 4203 725 4258 13
742 4203 771 4256 in
788 4201 889 4256 addida·
905 4217 964 4257 aon
977 4207 1093 4270 μορίαν
1110 4219 1239 4257 numos
1257 4219 1373 4272 quaeum
1389 4219 1475 4258 cama
1491 4204 1563 4258 aelati

433 4297 472 4346 est
487 4293 521 4345 ta
537 4291 588 4344 loeo
604 4289 729 4345 carmine
744 4287 911 4343 mutandum
1083 4287 1118 4341 14
1135 4291 1242 4343 moueat
1261 4290 1334 4355 TW,
1357 4291 1465 4344 moneat
1481 4289 1528 4344 Do

432 4380 588 4432 tremesearo
606 4377 631 4431 Τ
