4016 5054
425 340 486 408 194
896 336 1079 406 appendix.

422 497 494 557 mal
517 497 651 573 diligit
672 495 796 557 simile
819 495 1094 555 sititetiterum:
1119 487 1554 553 uolatilieadsibisimi·

422 599 475 659 lia
495 600 729 661 conueniunt.
760 599 811 658 sed
826 600 856 658 et
871 597 897 656 ei
911 597 1019 656 femina
1033 595 1132 656 utilior
1145 593 1372 664 existimaretur,
1395 609 1452 653 nou
1467 609 1552 665 opor·

422 705 503 763 tubat
518 703 645 764 carualm
659 703 850 762 emolumenta
864 715 1037 774 praeponere
1049 697 1224 757 utilitatibus
1240 695 1416 771 spiritalium
1427 712 1553 756 commo-

423 805 521 865 dorum
536 804 566 863 et
581 802 751 876 expediebat
764 801 1000 876 qualemcumque
1013 799 1109 858 uirum
1123 797 1255 858 inutilem
1269 797 1411 856 sustinere
1426 813 1477 870 pro
1492 797 1554 856 exi-

423 905 587 965 stimatione
601 903 755 964 munienda
770 918 854 976 quam
870 903 959 962 bonos
974 900 1092 962 effectus
1114 899 1243 960 nubtis
1264 915 1329 959 eum
1342 898 1574 960 existimationes

423 1007 600 1080 turpissima.
623 1007 699 1080 quod
714 1006 846 1064 Salomon
872 1005 1020 1076 comparet
1046 1003 1158 1062 diceus:
1189 1001 1418 1074 meliorest,
1447 1001 1552 1075 inquit,

421 1109 609 1183 iniquitas
638 1107 713 1167 uiri
743 1124 848 1181 quam
869 1105 1107 1166 benefaciens
1136 1103 1278 1164 mulier.
1301 1102 1466 1164 artificialia
1486 1104 1554 1164 suut

421 1211 518 1284 itaque
544 1225 656 1284 semper
670 1208 778 1269 diaboli
800 1207 953 1279 musicis,
983 1208 1089 1282 quibus
1115 1207 1260 1281 ingenium
1287 1222 1356 1266 suae
1382 1205 1553 1268 calliditatis

421 1327 555 1370 exercens
571 1311 777 1372 sanctimoniae
799 1311 913 1370 deditos
936 1309 1043 1370 dolosis
1064 1309 1312 1370 commoditatibus
1334 1309 1416 1368 iuuat
1438 1311 1471 1368 ut
1486 1326 1552 1383 per·

421 1412 488 1471 datr
510 1415 541 1472 ot
562 1413 639 1471 iuter
660 1413 841 1472 continentes
856 1411 939 1484 quasi
961 1411 1122 1470 necessaria
1136 1409 1326 1471 emolumenta
1340 1410 1448 1471 mutuis
1470 1411 1550 1471 adiu·
1562 1430 1588 1470 ro

421 1515 584 1574 nominibus
599 1514 823 1574 subministrans
837 1515 931 1588 adigit
945 1513 1026 1588 prius
1041 1514 1199 1575 masculum
1224 1516 1255 1573 et
1280 1513 1417 1573 feminam
1442 1513 1554 1588 paritor

422 1615 614 1692 [conuersaril,
644 1619 677 1676 ut
702 1619 854 1691 postquam
881 1615 1090 1690 inseparabiles
1105 1615 1206 1676 iacent
1226 1632 1277 1689 per
1291 1614 1431 1675 altamira
1445 1615 1554 1675 solacia

421 1720 513 1792 possit
527 1719 655 1780 occidere
670 1720 771 1778 mutes
786 1717 932 1791 simplices
954 1718 1063 1778 animos
1085 1718 1122 1778 ad
1144 1716 1289 1776 castitatis
1310 1719 1379 1776 uota
1400 1717 1551 1789 seruanda,

420 1823 450 1881 et
464 1820 682 1896 impugnationis
704 1837 772 1880 suae
794 1835 876 1879 arma
897 1819 1058 1880 subducens
1080 1817 1195 1877 interim
1212 1817 1294 1892 quasi
1308 1817 1440 1892 placidus
1455 1816 1550 1878 tantm

419 1923 550 1996 suggerit
564 1924 730 1982 muctimtis
745 1927 929 1996 argumenta,
957 1922 1046 1982 donec
1071 1921 1180 1981 diutius
1195 1921 1270 1981 inter
1284 1923 1384 1982 ambos
1407 1921 1584 1984 inimicamur

419 2024 529 2082 nutriat
543 2023 709 2084 amicitiam.
733 2025 804 2082 iacit
826 2023 957 2083 affabiles
973 2023 1094 2083 inuicem
1110 2023 1166 2080 sibi
1180 2024 1211 2082 et
1225 2021 1377 2094 desereire,
1401 2025 1431 2082 et
1446 2023 1551 2082 adrem

419 2126 496 2184 tator
510 2124 634 2184 iniustus
650 2125 854 2200 impedimenta
869 2142 1018 2184 remouens
1032 2125 1167 2184 uniuersa
1189 2123 1343 2185 commodis
1366 2140 1463 2184 eorum
1478 2142 1551 2198 gau-

420 2225 469 2283 det
482 2225 638 2284 efficaciam
653 2225 843 2297 commodare,
870 2228 904 2285 ut
918 2228 981 2284 tota
1006 2243 1054 2286 eos
1070 2225 1185 2284 sibimet
1199 2225 1272 2299 ipsis
1286 2225 1457 2286 necessitate
1473 2243 1551 2286 com·

419 2327 556 2384 mandans
583 2326 717 2386 exhibere
743 2343 792 2386 eos
819 2327 913 2400 possit
939 2325 969 2386 iu
984 2327 1154 2388 alterutrum
1169 2327 1257 2386 solita
1271 2326 1466 2387 consulatione
1479 2344 1550 2401 peu-

418 2427 494 2486 dere.
525 2443 583 2485 nou
608 2428 674 2487 uult
699 2445 748 2486 eos
773 2427 805 2486 iu
832 2427 928 2502 aliquo
951 2427 1096 2502 inpedire,
1127 2446 1163 2488 ne
1177 2433 1291 2504 separet
1306 2432 1366 2488 tam
1381 2429 1588 2503 spiritaliterao

418 2544 504 2602 quam
530 2529 694 2588 carnaliter.
725 2529 912 2590 inconcussos
937 2529 1027 2591 edicit
1041 2532 1149 2600 muers,
1176 2549 1211 2590 ne
1226 2533 1290 2605 ipsa
1305 2532 1454 2592 societatis
1469 2531 1554 2592 initio

418 2630 562 2688 inmaturo
578 2633 704 2704 tempore
734 2630 849 2690 foedera
873 2633 975 2706 coepta
1000 2633 1182 2692 conturbent.
1206 2650 1294 2708 usqae
1316 2633 1387 2693 adeo
1402 2631 1468 2692 illos
1483 2651 1551 2707 pro·

418 2731 582 2792 uidentibus
596 2731 709 2792 cunctis
723 2732 762 2793 ad
776 2733 936 2806 perfectum
959 2733 1123 2794 sanctitatis
1138 2734 1244 2794 inuito
1259 2731 1340 2796 louet
1353 2735 1495 2808 subleuat,
1519 2740 1552 2796 ut

417 2831 471 2890 Dei
496 2849 559 2892 esse
585 2836 751 2907 computent
777 2835 917 2895 musicis
941 2836 1006 2910 ipsa
1031 2835 1183 2908 contraria,
1210 2837 1315 2910 quibua
1330 2837 1503 2898 inducuntur
1519 2843 1552 2898 ut

416 2936 551 3007 pereant,
578 2935 741 2996 nescientes
767 2953 922 3010 numquam
938 2937 1029 2996 Deum
1053 2939 1153 2998 iuuere
1179 2939 1254 3012 quod
1269 2942 1358 2998 uetat.
1389 2939 1494 3013 quibus
1520 2940 1585 3001 iure

416 3037 529 3095 tautum
545 3037 677 3098 diabolus
704 3038 855 3102 blandiens
886 3041 1069 3101 securitatem
1093 3043 1246 3115 praeparat
1272 3041 1494 3116 sanctimoniae,
1517 3045 1551 3104 ut

417 3137 582 3197 coniunctos
609 3155 640 3198 ee
656 3139 751 3214 magis
765 3141 920 3200 aestiment
934 3158 1020 3215 quam
1036 3141 1193 3202 disiunctos
1215 3142 1375 3203 immobiles
1390 3143 1467 3204 circa
1482 3144 1549 3204 libi·

417 3235 512 3298 diuam
527 3240 700 3313 perdurare:
717 3259 789 3317 quos
810 3259 876 3302 cum
896 3243 973 3303 omui
996 3243 1207 3317 tranquillitate
1222 3244 1364 3305 deducens
1377 3245 1467 3306 nullis
1481 3263 1549 3320 pro·

487 3473 503 3525 1
521 3471 572 3526 sir.
589 3472 634 3538 27,
651 3472 677 3526 9.
780 3475 797 3528 6
815 3473 867 3530 sir.
885 3473 929 3539 42,
949 3475 990 3530 ld

486 3693 500 3744 1
519 3693 566 3746 ult.
586 3693 639 3746 sibi
657 3709 707 3748 cor.
727 3711 744 3750 o
838 3695 855 3748 2
873 3695 1042 3752 existimatur
1060 3697 1083 3754 G
1173 3698 1191 3753 li
1209 3698 1292 3754 mnus
1314 3700 1349 3756 θ’
1449 3701 1464 3755 7
1482 3702 1549 3756 arti·

416 3775 499 3829 dciali
517 3774 552 3831 0¹
667 3778 686 3833 8
704 3778 798 3848 itaque
818 3779 842 3835 0
857 3780 907 3834 scd
925 3796 976 3850 que
993 3797 1014 3837 a.
1033 3783 1052 3837 l.
1072 3799 1107 3836 ra.
1125 3787 1143 3836 s
1263 3783 1392 3840 beneficia
1410 3785 1453 3850 0¹,
1472 3802 1550 3841 uene-

416 3859 478 3914 ficia
494 3860 546 3916 O'o
683 3863 701 3916 9
719 3863 798 3916 iubat
819 3863 853 3920 0¹
991 3867 1231 3922 11subministras
1252 3868 1288 3924 0¹
1408 3869 1499 3941 adigit
1520 3871 1550 3936 0,

417 3944 513 4014 agito
616 3947 650 4002 12
667 3949 821 4003 conuersari
838 3965 889 4005 oea
907 3950 930 4006 0
939 3971 942 3979 Δ
1031 3952 1210 4023 insoporabile
1232 3953 1266 4010 0¹
1369 3955 1503 4012 alterutra
1519 3957 1550 4023 0,

418 4032 464 4084 ntr
481 4047 502 4085 e.
519 4031 538 4085 t.
555 4036 628 4087 m
740 4033 776 4088 13
793 4032 875 4089 muto
897 4036 930 4092 0¹
1044 4037 1078 4091 16
1095 4038 1246 4093 amicitiam
1267 4041 1295 4108 C,
1313 4040 1516 4099 concordisruo

417 4114 470 4256 rituti
487 4115 640 4260 iconicem
760 4119 796 4174 22
812 4121 992 4179 conturbato
1111 4123 1301 4181 uidentibuao
1422 4128 1458 4183 aa
1475 4144 1551 4199 pare·

417 4219 450 4256 au
