<?xml version="1.0" encoding="UTF-8"?>
<!DOCTYPE html PUBLIC "-//W3C//DTD XHTML 1.0 Transitional//EN"
    "http://www.w3.org/TR/xhtml1/DTD/xhtml1-transitional.dtd">
<html xmlns="http://www.w3.org/1999/xhtml" xml:lang="en" lang="en">
 <head>
  <title>
</title>
<meta http-equiv="Content-Type" content="text/html;charset=utf-8" />
  <meta name='ocr-system' content='tesseract 3.04.00' />
  <meta name='ocr-capabilities' content='ocr_page ocr_carea ocr_par ocr_line ocrx_word'/>
</head>
<body>
  <div class='ocr_page' id='page_1' title='image "./sthascicaecilic02cyprgoog_0142.png"; bbox 0 0 4012 5056; ppageno 0'>
   <div class='ocr_carea' id='block_1_1' title="bbox 729 0 1757 6">
    <p class='ocr_par' dir='ltr' id='par_1_1' title="bbox 729 0 1757 6">
     <span class='ocr_line' id='line_1_1' title="bbox 729 0 1757 6; baseline 0 0"><span class='ocrx_word' id='word_1_1' title='bbox 729 0 1757 6; x_wconf 95' lang='lat' dir='ltr'> </span> 
     </span>
    </p>
   </div>
   <div class='ocr_carea' id='block_1_2' title="bbox 788 379 1563 484">
    <p class='ocr_par' dir='ltr' id='par_1_2' title="bbox 788 379 1563 484">
     <span class='ocr_line' id='line_1_2' title="bbox 788 379 1563 484; baseline 0.013 -18"><span class='ocrx_word' id='word_1_2' title='bbox 788 411 835 470; x_wconf 81' lang='lat' dir='ltr'>De</span> <span class='ocrx_word' id='word_1_3' title='bbox 857 410 1073 482; x_wconf 83' lang='lat' dir='ltr'>Spectaculis</span> <span class='ocrx_word' id='word_1_4' title='bbox 1095 428 1118 470; x_wconf 83' lang='lat' dir='ltr'>c.</span> <span class='ocrx_word' id='word_1_5' title='bbox 1137 412 1206 468; x_wconf 79' lang='grc'>7-9</span> <span class='ocrx_word' id='word_1_6' title='bbox 1389 379 1395 392; x_wconf 33' lang='lat'>⁸</span> <span class='ocrx_word' id='word_1_7' title='bbox 1524 419 1563 484; x_wconf 93' lang='lat' dir='ltr'>ll</span> 
     </span>
    </p>
   </div>
   <div class='ocr_carea' id='block_1_3' title="bbox 381 561 1614 2687">
    <p class='ocr_par' dir='ltr' id='par_1_3' title="bbox 381 561 1614 2687">
     <span class='ocr_line' id='line_1_3' title="bbox 394 561 1566 646; baseline 0.002 -15"><span class='ocrx_word' id='word_1_8' title='bbox 394 561 396 566; x_wconf 32' lang='lat'>⁸</span> <span class='ocrx_word' id='word_1_9' title='bbox 424 569 592 632; x_wconf 80' lang='lat' dir='ltr'>dementiae</span> <span class='ocrx_word' id='word_1_10' title='bbox 615 569 738 646; x_wconf 86' lang='lat' dir='ltr'>denique</span> <span class='ocrx_word' id='word_1_11' title='bbox 764 585 880 630; x_wconf 89' lang='lat' dir='ltr'>remoue</span> <span class='ocrx_word' id='word_1_12' title='bbox 906 571 1109 644; x_wconf 87' lang='lat' dir='ltr'>spectatorem,</span> <span class='ocrx_word' id='word_1_13' title='bbox 1132 569 1292 630; x_wconf 76' lang='lat' dir='ltr'>reddideris</span> <span class='ocrx_word' id='word_1_14' title='bbox 1318 571 1488 633; x_wconf 85' lang='lat' dir='ltr'>uanitatem.</span> <span class='ocrx_word' id='word_1_15' title='bbox 1516 572 1566 633; x_wconf 82' lang='lat' dir='ltr'>iu·</span> 
     </span>
     <span class='ocr_line' id='line_1_4' title="bbox 423 670 1564 751; baseline 0.003 -19"><span class='ocrx_word' id='word_1_16' title='bbox 423 670 528 746; x_wconf 74' lang='lat' dir='ltr'>giendo</span> <span class='ocrx_word' id='word_1_17' title='bbox 542 675 610 734; x_wconf 89' lang='lat' dir='ltr'>sunt</span> <span class='ocrx_word' id='word_1_18' title='bbox 624 673 684 734; x_wconf 88' lang='lat' dir='ltr'>ista</span> <span class='ocrx_word' id='word_1_19' title='bbox 698 672 866 734; x_wconf 86' lang='lat' dir='ltr'>christianis</span> <span class='ocrx_word' id='word_1_20' title='bbox 880 671 1025 746; x_wconf 80' lang='lat' dir='ltr'>fidelibus,</span> <span class='ocrx_word' id='word_1_21' title='bbox 1049 675 1082 732; x_wconf 91' lang='lat' dir='ltr'>nt</span> <span class='ocrx_word' id='word_1_22' title='bbox 1096 671 1154 751; x_wconf 83' lang='lat' dir='ltr'>ium</span> <span class='ocrx_word' id='word_1_23' title='bbox 1169 673 1336 748; x_wconf 77' lang='lat' dir='ltr'>frequenter</span> <span class='ocrx_word' id='word_1_24' title='bbox 1350 672 1486 748; x_wconf 78' lang='lat' dir='ltr'>diximus,</span> <span class='ocrx_word' id='word_1_25' title='bbox 1501 675 1564 735; x_wconf 89' lang='lat' dir='ltr'>tem</span> 
     </span>
     <span class='ocr_line' id='line_1_5' title="bbox 423 773 1564 850; baseline 0.003 -16"><span class='ocrx_word' id='word_1_26' title='bbox 423 790 508 846; x_wconf 87' lang='lat' dir='ltr'>uano,</span> <span class='ocrx_word' id='word_1_27' title='bbox 523 776 584 834; x_wconf 89' lang='lat' dir='ltr'>tam</span> <span class='ocrx_word' id='word_1_28' title='bbox 598 773 770 850; x_wconf 86' lang='lat' dir='ltr'>perniciosa,</span> <span class='ocrx_word' id='word_1_29' title='bbox 785 776 846 834; x_wconf 88' lang='lat' dir='ltr'>tem</span> <span class='ocrx_word' id='word_1_30' title='bbox 860 773 1002 848; x_wconf 75' lang='lat' dir='ltr'>sacrilega</span> <span class='ocrx_word' id='word_1_31' title='bbox 1018 775 1197 848; x_wconf 84' lang='lat' dir='ltr'>spectacula:</span> <span class='ocrx_word' id='word_1_32' title='bbox 1213 776 1244 834; x_wconf 91' lang='lat' dir='ltr'>et</span> <span class='ocrx_word' id='word_1_33' title='bbox 1253 775 1328 836; x_wconf 88' lang='lat' dir='ltr'>oculi</span> <span class='ocrx_word' id='word_1_34' title='bbox 1341 775 1434 836; x_wconf 81' lang='lat' dir='ltr'>nostri</span> <span class='ocrx_word' id='word_1_35' title='bbox 1449 777 1519 836; x_wconf 90' lang='lat' dir='ltr'>eunt</span> <span class='ocrx_word' id='word_1_36' title='bbox 1532 778 1564 837; x_wconf 91' lang='lat' dir='ltr'>et</span> 
     </span>
     <span class='ocr_line' id='line_1_6' title="bbox 423 876 1564 952; baseline 0.002 -16"><span class='ocrx_word' id='word_1_37' title='bbox 423 892 507 937; x_wconf 90' lang='lat' dir='ltr'>aures</span> <span class='ocrx_word' id='word_1_38' title='bbox 520 876 733 938; x_wconf 85' lang='lat' dir='ltr'>custodiendus.</span> <span class='ocrx_word' id='word_1_39' title='bbox 745 877 802 937; x_wconf 91' lang='lat' dir='ltr'>cito</span> <span class='ocrx_word' id='word_1_40' title='bbox 816 877 848 936; x_wconf 90' lang='lat' dir='ltr'>in</span> <span class='ocrx_word' id='word_1_41' title='bbox 862 877 917 937; x_wconf 92' lang='lat' dir='ltr'>boe</span> <span class='ocrx_word' id='word_1_42' title='bbox 930 877 1123 938; x_wconf 72' lang='lat' dir='ltr'>assuescimus</span> <span class='ocrx_word' id='word_1_43' title='bbox 1134 878 1211 952; x_wconf 87' lang='lat' dir='ltr'>qnod</span> <span class='ocrx_word' id='word_1_44' title='bbox 1221 877 1364 952; x_wconf 77' lang='lat' dir='ltr'>audimus,</span> <span class='ocrx_word' id='word_1_45' title='bbox 1379 878 1472 940; x_wconf 85' lang='lat' dir='ltr'>celere</span> <span class='ocrx_word' id='word_1_46' title='bbox 1486 879 1517 938; x_wconf 92' lang='lat' dir='ltr'>iu</span> <span class='ocrx_word' id='word_1_47' title='bbox 1532 878 1564 939; x_wconf 90' lang='lat' dir='ltr'>id</span> 
     </span>
     <span class='ocr_line' id='line_1_7' title="bbox 385 970 1563 1055; baseline 0 -13"><span class='ocrx_word' id='word_1_48' title='bbox 385 970 499 1054; x_wconf 66' lang='lat' dir='ltr'>&#39;equod</span> <span class='ocrx_word' id='word_1_49' title='bbox 524 979 664 1040; x_wconf 91' lang='lat' dir='ltr'>uidemus.</span> <span class='ocrx_word' id='word_1_50' title='bbox 687 996 755 1039; x_wconf 89' lang='lat' dir='ltr'>uam</span> <span class='ocrx_word' id='word_1_51' title='bbox 781 995 846 1038; x_wconf 91' lang='lat' dir='ltr'>enm</span> <span class='ocrx_word' id='word_1_52' title='bbox 871 995 953 1040; x_wconf 89' lang='lat' dir='ltr'>mene</span> <span class='ocrx_word' id='word_1_53' title='bbox 977 978 1103 1040; x_wconf 90' lang='lat' dir='ltr'>bominis</span> <span class='ocrx_word' id='word_1_54' title='bbox 1128 980 1166 1040; x_wconf 85' lang='lat' dir='ltr'>ed</span> <span class='ocrx_word' id='word_1_55' title='bbox 1184 979 1258 1040; x_wconf 92' lang='lat' dir='ltr'>uitia</span> <span class='ocrx_word' id='word_1_56' title='bbox 1276 979 1341 1055; x_wconf 87' lang='lat' dir='ltr'>ipsa</span> <span class='ocrx_word' id='word_1_57' title='bbox 1356 980 1481 1054; x_wconf 88' lang='lat' dir='ltr'>ducitur,</span> <span class='ocrx_word' id='word_1_58' title='bbox 1505 981 1563 1042; x_wconf 92' lang='lat' dir='ltr'>sibi</span> 
     </span>
     <span class='ocr_line' id='line_1_8' title="bbox 421 1079 1563 1158; baseline 0.004 -18"><span class='ocrx_word' id='word_1_59' title='bbox 421 1079 490 1154; x_wconf 84' lang='lat' dir='ltr'>quid</span> <span class='ocrx_word' id='word_1_60' title='bbox 505 1079 645 1153; x_wconf 64' lang='lat' dir='ltr'>aristei</span> <span class='ocrx_word' id='word_1_61' title='bbox 659 1081 796 1140; x_wconf 87' lang='lat' dir='ltr'>hebuerit</span> <span class='ocrx_word' id='word_1_62' title='bbox 809 1079 961 1155; x_wconf 78' lang='lat' dir='ltr'>exemplet</span> <span class='ocrx_word' id='word_1_63' title='bbox 983 1081 1089 1141; x_wconf 89' lang='lat' dir='ltr'>natura</span> <span class='ocrx_word' id='word_1_64' title='bbox 1101 1081 1230 1154; x_wconf 86' lang='lat' dir='ltr'>corporis</span> <span class='ocrx_word' id='word_1_65' title='bbox 1243 1081 1357 1143; x_wconf 88' lang='lat' dir='ltr'>lubrica</span> <span class='ocrx_word' id='word_1_66' title='bbox 1369 1099 1444 1158; x_wconf 88' lang='lat' dir='ltr'>quae</span> <span class='ocrx_word' id='word_1_67' title='bbox 1459 1086 1563 1157; x_wconf 85' lang='lat' dir='ltr'>sponte</span> 
     </span>
     <span class='ocr_line' id='line_1_9' title="bbox 420 1181 1562 1256; baseline 0.002 -12"><span class='ocrx_word' id='word_1_68' title='bbox 420 1182 528 1244; x_wconf 86' lang='lat' dir='ltr'>corruit</span> <span class='ocrx_word' id='word_1_69' title='bbox 548 1182 618 1256; x_wconf 84' lang='lat' dir='ltr'>quid</span> <span class='ocrx_word' id='word_1_70' title='bbox 629 1181 732 1256; x_wconf 69' lang='lat' dir='ltr'>faciet,</span> <span class='ocrx_word' id='word_1_71' title='bbox 759 1181 786 1242; x_wconf 92' lang='lat' dir='ltr'>si</span> <span class='ocrx_word' id='word_1_72' title='bbox 800 1181 890 1243; x_wconf 82' lang='lat' dir='ltr'>luerit</span> <span class='ocrx_word' id='word_1_73' title='bbox 903 1181 1051 1256; x_wconf 81' lang='lat' dir='ltr'>impulsat</span> <span class='ocrx_word' id='word_1_74' title='bbox 1068 1182 1232 1244; x_wconf 82' lang='lat' dir='ltr'>euocandus</span> <span class='ocrx_word' id='word_1_75' title='bbox 1247 1185 1292 1244; x_wconf 91' lang='lat' dir='ltr'>ost</span> <span class='ocrx_word' id='word_1_76' title='bbox 1306 1183 1421 1244; x_wconf 87' lang='lat' dir='ltr'>animus</span> <span class='ocrx_word' id='word_1_77' title='bbox 1435 1185 1473 1245; x_wconf 87' lang='lat' dir='ltr'>ab</span> <span class='ocrx_word' id='word_1_78' title='bbox 1485 1184 1562 1246; x_wconf 85' lang='lat' dir='ltr'>istis.</span> 
     </span>
     <span class='ocr_line' id='line_1_10' title="bbox 463 1283 1595 1360; baseline 0.001 -17"><span class='ocrx_word' id='word_1_79' title='bbox 463 1283 560 1344; x_wconf 86' lang='lat' dir='ltr'>Habet</span> <span class='ocrx_word' id='word_1_80' title='bbox 585 1284 764 1346; x_wconf 89' lang='lat' dir='ltr'>christianus</span> <span class='ocrx_word' id='word_1_81' title='bbox 789 1285 955 1360; x_wconf 82' lang='lat' dir='ltr'>spectacula</span> <span class='ocrx_word' id='word_1_82' title='bbox 980 1284 1115 1360; x_wconf 87' lang='lat' dir='ltr'>meliora,</span> <span class='ocrx_word' id='word_1_83' title='bbox 1141 1285 1168 1346; x_wconf 88' lang='lat' dir='ltr'>ei</span> <span class='ocrx_word' id='word_1_84' title='bbox 1193 1285 1281 1360; x_wconf 91' lang='lat' dir='ltr'>uelit,</span> <span class='ocrx_word' id='word_1_85' title='bbox 1307 1287 1399 1347; x_wconf 87' lang='lat' dir='ltr'>babet</span> <span class='ocrx_word' id='word_1_86' title='bbox 1422 1305 1509 1350; x_wconf 89' lang='lat' dir='ltr'>ueras</span> <span class='ocrx_word' id='word_1_87' title='bbox 1534 1285 1595 1348; x_wconf 83' lang='lat' dir='ltr'>ece</span> 
     </span>
     <span class='ocr_line' id='line_1_11' title="bbox 419 1384 1563 1465; baseline 0.004 -19"><span class='ocrx_word' id='word_1_88' title='bbox 419 1385 584 1461; x_wconf 74' lang='lat' dir='ltr'>prolaturus</span> <span class='ocrx_word' id='word_1_89' title='bbox 599 1384 781 1462; x_wconf 87' lang='lat' dir='ltr'>uoluptates,</span> <span class='ocrx_word' id='word_1_90' title='bbox 798 1388 871 1448; x_wconf 87' lang='lat' dir='ltr'>sisa</span> <span class='ocrx_word' id='word_1_91' title='bbox 887 1386 1086 1463; x_wconf 78' lang='lat' dir='ltr'>recollegerit:</span> <span class='ocrx_word' id='word_1_92' title='bbox 1102 1389 1132 1449; x_wconf 88' lang='lat' dir='ltr'>et</span> <span class='ocrx_word' id='word_1_93' title='bbox 1142 1391 1177 1448; x_wconf 87' lang='lat' dir='ltr'>ut</span> <span class='ocrx_word' id='word_1_94' title='bbox 1190 1387 1322 1450; x_wconf 89' lang='lat' dir='ltr'>omittam</span> <span class='ocrx_word' id='word_1_95' title='bbox 1336 1389 1389 1450; x_wconf 88' lang='lat' dir='ltr'>illu</span> <span class='ocrx_word' id='word_1_96' title='bbox 1400 1407 1474 1465; x_wconf 84' lang='lat' dir='ltr'>quae</span> <span class='ocrx_word' id='word_1_97' title='bbox 1488 1408 1563 1453; x_wconf 93' lang='lat' dir='ltr'>non·</span> 
     </span>
     <span class='ocr_line' id='line_1_12' title="bbox 386 1489 1563 1566; baseline 0.003 -16"><span class='ocrx_word' id='word_1_98' title='bbox 386 1489 489 1551; x_wconf 82' lang='lat' dir='ltr'>rodum</span> <span class='ocrx_word' id='word_1_99' title='bbox 517 1489 705 1564; x_wconf 84' lang='lat' dir='ltr'>contemplari</span> <span class='ocrx_word' id='word_1_100' title='bbox 735 1491 853 1564; x_wconf 91' lang='lat' dir='ltr'>potest,</span> <span class='ocrx_word' id='word_1_101' title='bbox 878 1489 968 1550; x_wconf 90' lang='lat' dir='ltr'>habet</span> <span class='ocrx_word' id='word_1_102' title='bbox 988 1489 1076 1550; x_wconf 86' lang='lat' dir='ltr'>istam</span> <span class='ocrx_word' id='word_1_103' title='bbox 1097 1490 1197 1551; x_wconf 90' lang='lat' dir='ltr'>mundi</span> <span class='ocrx_word' id='word_1_104' title='bbox 1224 1491 1448 1566; x_wconf 73' lang='lat' dir='ltr'>pulcritudinem</span> <span class='ocrx_word' id='word_1_105' title='bbox 1476 1509 1563 1566; x_wconf 83' lang='lat' dir='ltr'>quam</span> 
     </span>
     <span class='ocr_line' id='line_1_13' title="bbox 420 1589 1563 1668; baseline 0.005 -18"><span class='ocrx_word' id='word_1_106' title='bbox 420 1589 520 1651; x_wconf 89' lang='lat' dir='ltr'>uideat</span> <span class='ocrx_word' id='word_1_107' title='bbox 544 1593 632 1666; x_wconf 87' lang='lat' dir='ltr'>atquo</span> <span class='ocrx_word' id='word_1_108' title='bbox 657 1591 789 1666; x_wconf 89' lang='lat' dir='ltr'>miretur,</span> <span class='ocrx_word' id='word_1_109' title='bbox 816 1591 888 1653; x_wconf 90' lang='lat' dir='ltr'>solie</span> <span class='ocrx_word' id='word_1_110' title='bbox 908 1594 1003 1653; x_wconf 87' lang='lat' dir='ltr'>ortum</span> <span class='ocrx_word' id='word_1_111' title='bbox 1025 1592 1158 1668; x_wconf 85' lang='lat' dir='ltr'>aspiciet,</span> <span class='ocrx_word' id='word_1_112' title='bbox 1179 1610 1280 1654; x_wconf 85' lang='lat' dir='ltr'>rursus</span> <span class='ocrx_word' id='word_1_113' title='bbox 1300 1610 1433 1656; x_wconf 77' lang='lat' dir='ltr'>occasum</span> <span class='ocrx_word' id='word_1_114' title='bbox 1452 1593 1563 1656; x_wconf 89' lang='lat' dir='ltr'>mutuis</span> 
     </span>
     <span class='ocr_line' id='line_1_14' title="bbox 418 1691 1562 1771; baseline 0.004 -19"><span class='ocrx_word' id='word_1_115' title='bbox 418 1691 531 1753; x_wconf 88' lang='lat' dir='ltr'>uicibus</span> <span class='ocrx_word' id='word_1_116' title='bbox 551 1692 613 1754; x_wconf 87' lang='lat' dir='ltr'>dies</span> <span class='ocrx_word' id='word_1_117' title='bbox 632 1695 788 1769; x_wconf 87' lang='lat' dir='ltr'>noctesque</span> <span class='ocrx_word' id='word_1_118' title='bbox 809 1697 1006 1768; x_wconf 87' lang='lat' dir='ltr'>reuocantem,</span> <span class='ocrx_word' id='word_1_119' title='bbox 1028 1692 1148 1769; x_wconf 79' lang='lat' dir='ltr'>globum</span> <span class='ocrx_word' id='word_1_120' title='bbox 1169 1697 1256 1757; x_wconf 89' lang='lat' dir='ltr'>lunae</span> <span class='ocrx_word' id='word_1_121' title='bbox 1276 1699 1439 1771; x_wconf 89' lang='lat' dir='ltr'>temporum</span> <span class='ocrx_word' id='word_1_122' title='bbox 1458 1711 1562 1757; x_wconf 88' lang='lat' dir='ltr'>cursus</span> 
     </span>
     <span class='ocr_line' id='line_1_15' title="bbox 418 1791 1560 1870; baseline 0.006 -18"><span class='ocrx_word' id='word_1_123' title='bbox 418 1791 602 1854; x_wconf 88' lang='lat' dir='ltr'>incrementis</span> <span class='ocrx_word' id='word_1_124' title='bbox 617 1793 679 1854; x_wconf 92' lang='lat' dir='ltr'>suis</span> <span class='ocrx_word' id='word_1_125' title='bbox 695 1792 936 1870; x_wconf 87' lang='lat' dir='ltr'>detrimentisque</span> <span class='ocrx_word' id='word_1_126' title='bbox 950 1795 1126 1870; x_wconf 70' lang='lat' dir='ltr'>signantem,</span> <span class='ocrx_word' id='word_1_127' title='bbox 1142 1799 1286 1858; x_wconf 87' lang='lat' dir='ltr'>astrorum</span> <span class='ocrx_word' id='word_1_128' title='bbox 1301 1798 1442 1858; x_wconf 87' lang='lat' dir='ltr'>micantes</span> <span class='ocrx_word' id='word_1_129' title='bbox 1457 1799 1560 1859; x_wconf 88' lang='lat' dir='ltr'>choros</span> 
     </span>
     <span class='ocr_line' id='line_1_16' title="bbox 418 1895 1560 1974; baseline 0.006 -21"><span class='ocrx_word' id='word_1_130' title='bbox 418 1897 449 1953; x_wconf 90' lang='lat' dir='ltr'>et</span> <span class='ocrx_word' id='word_1_131' title='bbox 473 1895 589 1954; x_wconf 76' lang='lat' dir='ltr'>assidue</span> <span class='ocrx_word' id='word_1_132' title='bbox 614 1897 649 1956; x_wconf 91' lang='lat' dir='ltr'>de</span> <span class='ocrx_word' id='word_1_133' title='bbox 676 1912 788 1956; x_wconf 89' lang='lat' dir='ltr'>summa</span> <span class='ocrx_word' id='word_1_134' title='bbox 812 1896 974 1956; x_wconf 74' lang='lat' dir='ltr'>mobilitate</span> <span class='ocrx_word' id='word_1_135' title='bbox 1000 1897 1166 1972; x_wconf 77' lang='lat' dir='ltr'>fulgentes,</span> <span class='ocrx_word' id='word_1_136' title='bbox 1196 1899 1265 1959; x_wconf 86' lang='lat' dir='ltr'>anui</span> <span class='ocrx_word' id='word_1_137' title='bbox 1290 1899 1383 1961; x_wconf 90' lang='lat' dir='ltr'>totius</span> <span class='ocrx_word' id='word_1_138' title='bbox 1407 1915 1461 1974; x_wconf 89' lang='lat' dir='ltr'>por</span> <span class='ocrx_word' id='word_1_139' title='bbox 1480 1900 1560 1960; x_wconf 88' lang='lat' dir='ltr'>nicee</span> 
     </span>
     <span class='ocr_line' id='line_1_17' title="bbox 383 1980 1614 2076; baseline 0.002 -16"><span class='ocrx_word' id='word_1_140' title='bbox 383 1980 545 2061; x_wconf 82' lang='lat' dir='ltr'>remembra</span> <span class='ocrx_word' id='word_1_141' title='bbox 570 1996 666 2056; x_wconf 85' lang='lat' dir='ltr'>diuise</span> <span class='ocrx_word' id='word_1_142' title='bbox 691 1999 722 2055; x_wconf 92' lang='lat' dir='ltr'>et</span> <span class='ocrx_word' id='word_1_143' title='bbox 753 1995 816 2056; x_wconf 87' lang='lat' dir='ltr'>dies</span> <span class='ocrx_word' id='word_1_144' title='bbox 847 1995 926 2072; x_wconf 85' lang='lat' dir='ltr'>ipsos</span> <span class='ocrx_word' id='word_1_145' title='bbox 957 2015 1021 2058; x_wconf 91' lang='lat' dir='ltr'>oum</span> <span class='ocrx_word' id='word_1_146' title='bbox 1052 1997 1185 2060; x_wconf 88' lang='lat' dir='ltr'>noctibus</span> <span class='ocrx_word' id='word_1_147' title='bbox 1216 2017 1268 2074; x_wconf 88' lang='lat' dir='ltr'>por</span> <span class='ocrx_word' id='word_1_148' title='bbox 1296 2001 1432 2062; x_wconf 86' lang='lat' dir='ltr'>horarum</span> <span class='ocrx_word' id='word_1_149' title='bbox 1465 2001 1561 2076; x_wconf 82' lang='lat' dir='ltr'>spatio</span> <span class='ocrx_word' id='word_1_150' title='bbox 1612 1995 1614 1998; x_wconf 72' lang='grc'><strong>’</strong></span> 
     </span>
     <span class='ocr_line' id='line_1_18' title="bbox 417 2097 1559 2177; baseline 0.006 -21"><span class='ocrx_word' id='word_1_151' title='bbox 417 2097 544 2171; x_wconf 80' lang='lat' dir='ltr'>digestos</span> <span class='ocrx_word' id='word_1_152' title='bbox 564 2101 595 2158; x_wconf 90' lang='lat' dir='ltr'>et</span> <span class='ocrx_word' id='word_1_153' title='bbox 614 2101 710 2158; x_wconf 85' lang='lat' dir='ltr'>terreo</span> <span class='ocrx_word' id='word_1_154' title='bbox 730 2097 835 2159; x_wconf 89' lang='lat' dir='ltr'>molem</span> <span class='ocrx_word' id='word_1_155' title='bbox 854 2099 991 2159; x_wconf 87' lang='lat' dir='ltr'>libratam</span> <span class='ocrx_word' id='word_1_156' title='bbox 1011 2117 1077 2161; x_wconf 91' lang='lat' dir='ltr'>cum</span> <span class='ocrx_word' id='word_1_157' title='bbox 1096 2101 1243 2162; x_wconf 90' lang='lat' dir='ltr'>montibus</span> <span class='ocrx_word' id='word_1_158' title='bbox 1263 2106 1293 2164; x_wconf 92' lang='lat' dir='ltr'>et</span> <span class='ocrx_word' id='word_1_159' title='bbox 1307 2102 1426 2177; x_wconf 82' lang='lat' dir='ltr'>proinsa</span> <span class='ocrx_word' id='word_1_160' title='bbox 1439 2103 1559 2163; x_wconf 82' lang='lat' dir='ltr'>flumina</span> 
     </span>
     <span class='ocr_line' id='line_1_19' title="bbox 417 2199 1557 2278; baseline 0.005 -19"><span class='ocrx_word' id='word_1_161' title='bbox 417 2217 481 2260; x_wconf 91' lang='lat' dir='ltr'>cum</span> <span class='ocrx_word' id='word_1_162' title='bbox 502 2199 562 2260; x_wconf 86' lang='lat' dir='ltr'>suis</span> <span class='ocrx_word' id='word_1_163' title='bbox 583 2199 723 2272; x_wconf 85' lang='lat' dir='ltr'>lontibus,</span> <span class='ocrx_word' id='word_1_164' title='bbox 739 2203 858 2262; x_wconf 86' lang='lat' dir='ltr'>extensa</span> <span class='ocrx_word' id='word_1_165' title='bbox 872 2202 964 2262; x_wconf 88' lang='lat' dir='ltr'>maria</span> <span class='ocrx_word' id='word_1_166' title='bbox 984 2219 1048 2262; x_wconf 90' lang='lat' dir='ltr'>eum</span> <span class='ocrx_word' id='word_1_167' title='bbox 1072 2203 1132 2263; x_wconf 88' lang='lat' dir='ltr'>suis</span> <span class='ocrx_word' id='word_1_168' title='bbox 1152 2203 1289 2265; x_wconf 87' lang='lat' dir='ltr'>ductibus</span> <span class='ocrx_word' id='word_1_169' title='bbox 1308 2207 1396 2278; x_wconf 82' lang='lat' dir='ltr'>etque</span> <span class='ocrx_word' id='word_1_170' title='bbox 1410 2203 1557 2278; x_wconf 86' lang='lat' dir='ltr'>litoribus,</span> 
     </span>
     <span class='ocr_line' id='line_1_20' title="bbox 415 2300 1557 2380; baseline 0.004 -20"><span class='ocrx_word' id='word_1_171' title='bbox 415 2300 530 2361; x_wconf 87' lang='lat' dir='ltr'>iuterim</span> <span class='ocrx_word' id='word_1_172' title='bbox 560 2303 741 2362; x_wconf 79' lang='lat' dir='ltr'>constantem</span> <span class='ocrx_word' id='word_1_173' title='bbox 770 2303 880 2377; x_wconf 87' lang='lat' dir='ltr'>pariter</span> <span class='ocrx_word' id='word_1_174' title='bbox 907 2319 1019 2362; x_wconf 86' lang='lat' dir='ltr'>summa</span> <span class='ocrx_word' id='word_1_175' title='bbox 1048 2304 1259 2379; x_wconf 87' lang='lat' dir='ltr'>conspiratione</span> <span class='ocrx_word' id='word_1_176' title='bbox 1284 2305 1462 2380; x_wconf 81' lang='lat' dir='ltr'>nexibusque</span> <span class='ocrx_word' id='word_1_177' title='bbox 1488 2323 1557 2367; x_wconf 88' lang='lat' dir='ltr'>eon-</span> 
     </span>
     <span class='ocr_line' id='line_1_21' title="bbox 415 2403 1556 2483; baseline 0.004 -20"><span class='ocrx_word' id='word_1_178' title='bbox 415 2403 528 2463; x_wconf 85' lang='lat' dir='ltr'>cordiae</span> <span class='ocrx_word' id='word_1_179' title='bbox 554 2405 703 2463; x_wconf 80' lang='lat' dir='ltr'>extensum</span> <span class='ocrx_word' id='word_1_180' title='bbox 728 2418 824 2464; x_wconf 87' lang='lat' dir='ltr'>uorem</span> <span class='ocrx_word' id='word_1_181' title='bbox 844 2405 971 2464; x_wconf 89' lang='lat' dir='ltr'>modium</span> <span class='ocrx_word' id='word_1_182' title='bbox 991 2405 1136 2468; x_wconf 87' lang='lat' dir='ltr'>tenuitate</span> <span class='ocrx_word' id='word_1_183' title='bbox 1157 2424 1210 2468; x_wconf 85' lang='lat' dir='ltr'>aua</span> <span class='ocrx_word' id='word_1_184' title='bbox 1232 2409 1336 2469; x_wconf 90' lang='lat' dir='ltr'>cuncta</span> <span class='ocrx_word' id='word_1_185' title='bbox 1362 2409 1556 2483; x_wconf 70' lang='lat' dir='ltr'>segonnam,</span> 
     </span>
     <span class='ocr_line' id='line_1_22' title="bbox 381 2503 1557 2584; baseline 0 -15"><span class='ocrx_word' id='word_1_186' title='bbox 381 2521 491 2569; x_wconf 67' lang='lat' dir='ltr'>»nunc</span> <span class='ocrx_word' id='word_1_187' title='bbox 518 2503 626 2564; x_wconf 90' lang='lat' dir='ltr'>imbres</span> <span class='ocrx_word' id='word_1_188' title='bbox 655 2504 813 2565; x_wconf 83' lang='lat' dir='ltr'>contructis</span> <span class='ocrx_word' id='word_1_189' title='bbox 842 2506 967 2566; x_wconf 90' lang='lat' dir='ltr'>nubibus</span> <span class='ocrx_word' id='word_1_190' title='bbox 995 2509 1234 2584; x_wconf 79' lang='lat' dir='ltr'>profundentem,</span> <span class='ocrx_word' id='word_1_191' title='bbox 1264 2525 1341 2568; x_wconf 91' lang='lat' dir='ltr'>nnnc</span> <span class='ocrx_word' id='word_1_192' title='bbox 1371 2511 1557 2569; x_wconf 86' lang='lat' dir='ltr'>serenitatem</span> 
     </span>
     <span class='ocr_line' id='line_1_23' title="bbox 413 2607 1556 2687; baseline 0.005 -22"><span class='ocrx_word' id='word_1_193' title='bbox 413 2607 523 2667; x_wconf 82' lang='lat' dir='ltr'>refecta</span> <span class='ocrx_word' id='word_1_194' title='bbox 547 2607 668 2668; x_wconf 88' lang='lat' dir='ltr'>raritate</span> <span class='ocrx_word' id='word_1_195' title='bbox 688 2609 869 2668; x_wconf 87' lang='lat' dir='ltr'>reuocentom</span> <span class='ocrx_word' id='word_1_196' title='bbox 893 2610 923 2669; x_wconf 92' lang='lat' dir='ltr'>et</span> <span class='ocrx_word' id='word_1_197' title='bbox 944 2609 975 2668; x_wconf 91' lang='lat' dir='ltr'>in</span> <span class='ocrx_word' id='word_1_198' title='bbox 995 2611 1129 2671; x_wconf 90' lang='lat' dir='ltr'>omnibus</span> <span class='ocrx_word' id='word_1_199' title='bbox 1149 2611 1216 2672; x_wconf 92' lang='lat' dir='ltr'>istis</span> <span class='ocrx_word' id='word_1_200' title='bbox 1232 2611 1342 2673; x_wconf 83' lang='lat' dir='ltr'>incolae</span> <span class='ocrx_word' id='word_1_201' title='bbox 1356 2611 1499 2687; x_wconf 87' lang='lat' dir='ltr'>proprios,</span> <span class='ocrx_word' id='word_1_202' title='bbox 1524 2612 1556 2671; x_wconf 92' lang='lat' dir='ltr'>iu</span> 
     </span>
    </p>
   </div>
   <div class='ocr_carea' id='block_1_4' title="bbox 404 2842 1556 4360">
    <p class='ocr_par' dir='ltr' id='par_1_4' title="bbox 481 2842 1522 2914">
     <span class='ocr_line' id='line_1_24' title="bbox 481 2842 1522 2914; baseline 0.005 -18"><span class='ocrx_word' id='word_1_203' title='bbox 481 2842 712 2909; x_wconf 85' lang='lat' dir='ltr'>lexpectetorem</span> <span class='ocrx_word' id='word_1_204' title='bbox 728 2858 766 2912; x_wconf 78' lang='lat' dir='ltr'>rp</span> <span class='ocrx_word' id='word_1_205' title='bbox 852 2842 981 2898; x_wconf 85' lang='lat' dir='ltr'>redidcris</span> <span class='ocrx_word' id='word_1_206' title='bbox 999 2863 1028 2914; x_wconf 83' lang='grc' dir='ltr'>μ,</span> <span class='ocrx_word' id='word_1_207' title='bbox 1046 2845 1199 2900; x_wconf 75' lang='lat' dir='ltr'>mueideras</span> <span class='ocrx_word' id='word_1_208' title='bbox 1219 2846 1246 2900; x_wconf 84' lang='lat' dir='ltr'><strong><em>Z</em></strong></span> <span class='ocrx_word' id='word_1_209' title='bbox 1337 2846 1427 2900; x_wconf 66' lang='lat' dir='ltr'>biota</span> <span class='ocrx_word' id='word_1_210' title='bbox 1445 2861 1461 2901; x_wconf 90' lang='lat' dir='ltr'>a</span> <span class='ocrx_word' id='word_1_211' title='bbox 1478 2847 1522 2901; x_wconf 86' lang='lat' dir='ltr'>Ze</span> 
     </span>
    </p>

    <p class='ocr_par' dir='ltr' id='par_1_5' title="bbox 404 2925 1556 4360">
     <span class='ocr_line' id='line_1_25' title="bbox 410 2925 1556 3000; baseline 0.006 -21"><span class='ocrx_word' id='word_1_212' title='bbox 410 2925 606 2995; x_wconf 76' lang='lat' dir='ltr'>dperniciose]</span> <span class='ocrx_word' id='word_1_213' title='bbox 624 2925 775 2995; x_wconf 72' lang='lat' dir='ltr'>penculoea</span> <span class='ocrx_word' id='word_1_214' title='bbox 793 2927 819 2981; x_wconf 93' lang='grc' dir='ltr'><em>Ζ</em></span> <span class='ocrx_word' id='word_1_215' title='bbox 930 2933 1027 2984; x_wconf 84' lang='lat' dir='ltr'>tanus.</span> <span class='ocrx_word' id='word_1_216' title='bbox 1045 2930 1265 2998; x_wconf 70' lang='lat' dir='ltr'>spectaculum</span> <span class='ocrx_word' id='word_1_217' title='bbox 1285 2931 1312 2985; x_wconf 84' lang='lat' dir='ltr'><em>Z</em></span> <span class='ocrx_word' id='word_1_218' title='bbox 1422 2931 1556 3000; x_wconf 85' lang='lat' dir='ltr'>aquibus</span> 
     </span>
     <span class='ocr_line' id='line_1_26' title="bbox 410 3011 1522 3086; baseline 0.007 -23"><span class='ocrx_word' id='word_1_219' title='bbox 410 3011 520 3079; x_wconf 81' lang='lat' dir='ltr'>pectora</span> <span class='ocrx_word' id='word_1_220' title='bbox 542 3012 663 3079; x_wconf 86' lang='lat' dir='ltr'>(pectore</span> <span class='ocrx_word' id='word_1_221' title='bbox 688 3026 740 3066; x_wconf 74' lang='lat' dir='ltr'>ooa</span> <span class='ocrx_word' id='word_1_222' title='bbox 767 3013 795 3081; x_wconf 89' lang='lat' dir='ltr'>o)</span> <span class='ocrx_word' id='word_1_223' title='bbox 820 3013 848 3067; x_wconf 94' lang='lat' dir='ltr'>et</span> <span class='ocrx_word' id='word_1_224' title='bbox 865 3013 937 3068; x_wconf 84' lang='lat' dir='ltr'>oculi</span> <span class='ocrx_word' id='word_1_225' title='bbox 955 3015 1043 3068; x_wconf 87' lang='lat' dir='ltr'>nostri</span> <span class='ocrx_word' id='word_1_226' title='bbox 1065 3031 1125 3070; x_wconf 88' lang='lat' dir='ltr'>cum</span> <span class='ocrx_word' id='word_1_227' title='bbox 1143 3014 1253 3070; x_wconf 83' lang='lat' dir='ltr'>auribus</span> <span class='ocrx_word' id='word_1_228' title='bbox 1271 3018 1311 3084; x_wconf 90' lang='lat' dir='ltr'>(et</span> <span class='ocrx_word' id='word_1_229' title='bbox 1332 3030 1410 3071; x_wconf 83' lang='lat' dir='ltr'>aures</span> <span class='ocrx_word' id='word_1_230' title='bbox 1426 3018 1455 3086; x_wconf 87' lang='lat' dir='ltr'>e)</span> <span class='ocrx_word' id='word_1_231' title='bbox 1479 3017 1522 3071; x_wconf 80' lang='lat' dir='ltr'>Ze</span> 
     </span>
     <span class='ocr_line' id='line_1_27' title="bbox 408 3095 1555 3169; baseline 0.006 -20"><span class='ocrx_word' id='word_1_232' title='bbox 408 3095 620 3150; x_wconf 82' lang='lat' dir='ltr'>4eustodicude</span> <span class='ocrx_word' id='word_1_233' title='bbox 636 3098 665 3150; x_wconf 95' lang='grc' dir='ltr'><em>Ζ</em></span> <span class='ocrx_word' id='word_1_234' title='bbox 795 3097 857 3167; x_wconf 86' lang='lat' dir='ltr'>hoc]</span> <span class='ocrx_word' id='word_1_235' title='bbox 875 3099 905 3152; x_wconf 93' lang='lat' dir='ltr'>id</span> <span class='ocrx_word' id='word_1_236' title='bbox 922 3100 948 3152; x_wconf 85' lang='grc' dir='ltr'><em>Ζ</em></span> <span class='ocrx_word' id='word_1_237' title='bbox 1068 3100 1152 3156; x_wconf 87' lang='lat' dir='ltr'>celere</span> <span class='ocrx_word' id='word_1_238' title='bbox 1168 3100 1198 3154; x_wconf 88' lang='lat' dir='ltr'>in</span> <span class='ocrx_word' id='word_1_239' title='bbox 1215 3099 1246 3155; x_wconf 89' lang='lat' dir='ltr'>id</span> <span class='ocrx_word' id='word_1_240' title='bbox 1261 3102 1364 3169; x_wconf 78' lang='lat' dir='ltr'>scripsi</span> <span class='ocrx_word' id='word_1_241' title='bbox 1386 3101 1434 3168; x_wconf 80' lang='lat' dir='ltr'>(es.</span> <span class='ocrx_word' id='word_1_242' title='bbox 1452 3103 1555 3157; x_wconf 88' lang='lat' dir='ltr'>eelerue</span> 
     </span>
     <span class='ocr_line' id='line_1_28' title="bbox 415 3179 1553 3255; baseline 0.006 -21"><span class='ocrx_word' id='word_1_243' title='bbox 415 3179 521 3235; x_wconf 79' lang='lat' dir='ltr'>Gruter</span> <span class='ocrx_word' id='word_1_244' title='bbox 537 3183 599 3246; x_wconf 77' lang='grc'>649,</span> <span class='ocrx_word' id='word_1_245' title='bbox 613 3183 650 3248; x_wconf 84' lang='grc'>6),</span> <span class='ocrx_word' id='word_1_246' title='bbox 667 3181 768 3236; x_wconf 83' lang='lat' dir='ltr'>scelere</span> <span class='ocrx_word' id='word_1_247' title='bbox 784 3198 830 3250; x_wconf 76' lang='lat' dir='ltr'>rp,</span> <span class='ocrx_word' id='word_1_248' title='bbox 848 3183 876 3236; x_wconf 87' lang='lat' dir='ltr'>et</span> <span class='ocrx_word' id='word_1_249' title='bbox 893 3182 1006 3238; x_wconf 88' lang='lat' dir='ltr'>celerius</span> <span class='ocrx_word' id='word_1_250' title='bbox 1018 3184 1052 3249; x_wconf 90' lang='grc' dir='ltr'>Ζ,</span> <span class='ocrx_word' id='word_1_251' title='bbox 1069 3199 1155 3240; x_wconf 82' lang='lat' dir='ltr'>eoae</span> <span class='ocrx_word' id='word_1_252' title='bbox 1246 3184 1349 3255; x_wconf 78' lang='lat' dir='ltr'>bquod</span> <span class='ocrx_word' id='word_1_253' title='bbox 1366 3184 1553 3241; x_wconf 83' lang='lat' dir='ltr'>uidemnsooo.</span> 
     </span>
     <span class='ocr_line' id='line_1_29' title="bbox 409 3263 1554 3341; baseline 0.006 -22"><span class='ocrx_word' id='word_1_254' title='bbox 409 3280 446 3335; x_wconf 76' lang='grc' dir='ltr'>νμ</span> <span class='ocrx_word' id='word_1_255' title='bbox 519 3265 596 3320; x_wconf 91' lang='lat' dir='ltr'>ducit</span> <span class='ocrx_word' id='word_1_256' title='bbox 614 3263 669 3319; x_wconf 86' lang='lat' dir='ltr'>sibi</span> <span class='ocrx_word' id='word_1_257' title='bbox 687 3267 721 3332; x_wconf 89' lang='grc' dir='ltr'>Ζ,</span> <span class='ocrx_word' id='word_1_258' title='bbox 739 3266 888 3324; x_wconf 83' lang='lat' dir='ltr'>dueaturo</span> <span class='ocrx_word' id='word_1_259' title='bbox 983 3268 1129 3324; x_wconf 74' lang='lat' dir='ltr'>ducturae</span> <span class='ocrx_word' id='word_1_260' title='bbox 1146 3286 1201 3341; x_wconf 71' lang='lat' dir='ltr'>rpe</span> <span class='ocrx_word' id='word_1_261' title='bbox 1296 3270 1416 3325; x_wconf 82' lang='lat' dir='ltr'>lubricae</span> <span class='ocrx_word' id='word_1_262' title='bbox 1432 3287 1494 3340; x_wconf 83' lang='lat' dir='ltr'>rpu,</span> <span class='ocrx_word' id='word_1_263' title='bbox 1511 3273 1554 3328; x_wconf 93' lang='lat' dir='ltr'>lu·</span> 
     </span>
     <span class='ocr_line' id='line_1_30' title="bbox 408 3349 1554 3426; baseline 0.009 -23"><span class='ocrx_word' id='word_1_264' title='bbox 408 3349 484 3404; x_wconf 85' lang='lat' dir='ltr'>brice</span> <span class='ocrx_word' id='word_1_265' title='bbox 499 3352 542 3405; x_wconf 88' lang='lat' dir='ltr'>eet</span> <span class='ocrx_word' id='word_1_266' title='bbox 559 3351 588 3404; x_wconf 92' lang='grc' dir='ltr'><em>Ζ</em></span> <span class='ocrx_word' id='word_1_267' title='bbox 689 3351 836 3423; x_wconf 76' lang='lat' dir='ltr'>doorruit]</span> <span class='ocrx_word' id='word_1_268' title='bbox 854 3354 982 3424; x_wconf 78' lang='lat' dir='ltr'>congruit</span> <span class='ocrx_word' id='word_1_269' title='bbox 1000 3355 1028 3408; x_wconf 92' lang='grc' dir='ltr'><em>Ζ</em></span> <span class='ocrx_word' id='word_1_270' title='bbox 1111 3355 1321 3411; x_wconf 83' lang='lat' dir='ltr'>abuooandusZ</span> <span class='ocrx_word' id='word_1_271' title='bbox 1422 3357 1554 3426; x_wconf 82' lang='lat' dir='ltr'>ostlodd.</span> 
     </span>
     <span class='ocr_line' id='line_1_31' title="bbox 407 3434 1522 3506; baseline 0.009 -18"><span class='ocrx_word' id='word_1_272' title='bbox 407 3434 447 3489; x_wconf 78' lang='lat'>2:</span> <span class='ocrx_word' id='word_1_273' title='bbox 463 3434 551 3504; x_wconf 73' lang='lat' dir='ltr'>igitur</span> <span class='ocrx_word' id='word_1_274' title='bbox 567 3436 666 3500; x_wconf 86' lang='lat' dir='ltr'>omnis,</span> <span class='ocrx_word' id='word_1_275' title='bbox 684 3436 749 3491; x_wconf 84' lang='lat' dir='ltr'>add.</span> <span class='ocrx_word' id='word_1_276' title='bbox 762 3453 793 3492; x_wconf 87' lang='lat' dir='ltr'>o:</span> <span class='ocrx_word' id='word_1_277' title='bbox 810 3437 899 3506; x_wconf 75' lang='lat' dir='ltr'>igitur</span> <span class='ocrx_word' id='word_1_278' title='bbox 966 3439 1183 3494; x_wconf 75' lang='lat' dir='ltr'>deibihebetZ</span> <span class='ocrx_word' id='word_1_279' title='bbox 1250 3441 1479 3497; x_wconf 79' lang='lat' dir='ltr'>christianorum.</span> <span class='ocrx_word' id='word_1_280' title='bbox 1493 3445 1522 3498; x_wconf 95' lang='grc' dir='ltr'><em>Ζ</em></span> 
     </span>
     <span class='ocr_line' id='line_1_32' title="bbox 408 3519 1554 3596; baseline 0.007 -22"><span class='ocrx_word' id='word_1_281' title='bbox 408 3519 426 3575; x_wconf 85' lang='lat'><strong>9</strong></span> <span class='ocrx_word' id='word_1_282' title='bbox 442 3519 621 3591; x_wconf 82' lang='lat' dir='ltr'>recollegerit]</span> <span class='ocrx_word' id='word_1_283' title='bbox 639 3521 829 3592; x_wconf 70' lang='lat' dir='ltr'>recognouerit</span> <span class='ocrx_word' id='word_1_284' title='bbox 845 3522 888 3578; x_wconf 84' lang='lat' dir='ltr'>Ze</span> <span class='ocrx_word' id='word_1_285' title='bbox 991 3523 1122 3579; x_wconf 84' lang='lat' dir='ltr'>obmittat</span> <span class='ocrx_word' id='word_1_286' title='bbox 1139 3524 1166 3579; x_wconf 95' lang='grc' dir='ltr'><em>Ζ</em></span> <span class='ocrx_word' id='word_1_287' title='bbox 1270 3525 1304 3580; x_wconf 92' lang='grc'>10</span> <span class='ocrx_word' id='word_1_288' title='bbox 1320 3525 1421 3596; x_wconf 87' lang='lat' dir='ltr'>potest]</span> <span class='ocrx_word' id='word_1_289' title='bbox 1439 3529 1554 3596; x_wconf 72' lang='lat' dir='ltr'>possm</span> 
     </span>
     <span class='ocr_line' id='line_1_33' title="bbox 407 3603 1519 3681; baseline 0.008 -22"><span class='ocrx_word' id='word_1_290' title='bbox 407 3603 451 3660; x_wconf 79' lang='lat' dir='ltr'>Ze</span> <span class='ocrx_word' id='word_1_291' title='bbox 519 3607 552 3660; x_wconf 91' lang='lat'>11</span> <span class='ocrx_word' id='word_1_292' title='bbox 569 3621 677 3660; x_wconf 88' lang='lat' dir='ltr'>rursum</span> <span class='ocrx_word' id='word_1_293' title='bbox 696 3607 739 3662; x_wconf 82' lang='grc' dir='ltr'>Ζι·</span> <span class='ocrx_word' id='word_1_294' title='bbox 814 3608 849 3662; x_wconf 78' lang='lat'>12</span> <span class='ocrx_word' id='word_1_295' title='bbox 866 3610 895 3663; x_wconf 88' lang='lat' dir='ltr'>et</span> <span class='ocrx_word' id='word_1_296' title='bbox 912 3612 1064 3679; x_wconf 88' lang='lat' dir='ltr'>temporum</span> <span class='ocrx_word' id='word_1_297' title='bbox 1082 3611 1110 3664; x_wconf 93' lang='grc' dir='ltr'><em>Ζ</em></span> <span class='ocrx_word' id='word_1_298' title='bbox 1183 3611 1220 3668; x_wconf 84' lang='lat'>13</span> <span class='ocrx_word' id='word_1_299' title='bbox 1230 3609 1459 3681; x_wconf 86' lang='lat' dir='ltr'>decrementisque</span> <span class='ocrx_word' id='word_1_300' title='bbox 1476 3613 1519 3668; x_wconf 83' lang='lat' dir='ltr'>Ze</span> 
     </span>
     <span class='ocr_line' id='line_1_34' title="bbox 406 3691 1553 3766; baseline 0.006 -20"><span class='ocrx_word' id='word_1_301' title='bbox 406 3691 525 3746; x_wconf 66' lang='lat' dir='ltr'>uterum</span> <span class='ocrx_word' id='word_1_302' title='bbox 541 3705 566 3756; x_wconf 84' lang='lat' dir='ltr'>r,</span> <span class='ocrx_word' id='word_1_303' title='bbox 584 3693 746 3762; x_wconf 77' lang='lat' dir='ltr'>austrump</span> <span class='ocrx_word' id='word_1_304' title='bbox 858 3693 1005 3750; x_wconf 87' lang='lat' dir='ltr'>micantem</span> <span class='ocrx_word' id='word_1_305' title='bbox 1020 3695 1078 3766; x_wconf 66' lang='grc' dir='ltr'>ιμ’,</span> <span class='ocrx_word' id='word_1_306' title='bbox 1096 3695 1290 3751; x_wconf 83' lang='lat' dir='ltr'>micantiumo</span> <span class='ocrx_word' id='word_1_307' title='bbox 1433 3699 1468 3752; x_wconf 81' lang='lat'>14</span> <span class='ocrx_word' id='word_1_308' title='bbox 1484 3699 1553 3752; x_wconf 85' lang='lat' dir='ltr'>assi·</span> 
     </span>
     <span class='ocr_line' id='line_1_35' title="bbox 408 3773 1552 3856; baseline 0.009 -26"><span class='ocrx_word' id='word_1_309' title='bbox 408 3773 468 3846; x_wconf 90' lang='lat' dir='ltr'>due]</span> <span class='ocrx_word' id='word_1_310' title='bbox 486 3793 503 3831; x_wconf 87' lang='lat' dir='ltr'>a</span> <span class='ocrx_word' id='word_1_311' title='bbox 519 3792 626 3831; x_wconf 79' lang='lat' dir='ltr'>mmma</span> <span class='ocrx_word' id='word_1_312' title='bbox 642 3793 679 3847; x_wconf 76' lang='grc' dir='ltr'>νμ</span> <span class='ocrx_word' id='word_1_313' title='bbox 783 3795 889 3834; x_wconf 87' lang='lat' dir='ltr'>summo</span> <span class='ocrx_word' id='word_1_314' title='bbox 907 3797 944 3850; x_wconf 76' lang='grc' dir='ltr'>νμ</span> <span class='ocrx_word' id='word_1_315' title='bbox 1047 3781 1195 3838; x_wconf 85' lang='lat' dir='ltr'>nobilitate</span> <span class='ocrx_word' id='word_1_316' title='bbox 1211 3783 1240 3838; x_wconf 92' lang='grc' dir='ltr'><em>Ζ</em></span> <span class='ocrx_word' id='word_1_317' title='bbox 1335 3783 1417 3856; x_wconf 85' lang='lat' dir='ltr'>uices]</span> <span class='ocrx_word' id='word_1_318' title='bbox 1435 3783 1501 3840; x_wconf 73' lang='lat' dir='ltr'>odd</span> <span class='ocrx_word' id='word_1_319' title='bbox 1519 3799 1552 3840; x_wconf 85' lang='lat' dir='ltr'>o:</span> 
     </span>
     <span class='ocr_line' id='line_1_36' title="bbox 406 3861 1553 3940; baseline 0.009 -25"><span class='ocrx_word' id='word_1_320' title='bbox 406 3861 682 3918; x_wconf 80' lang='lat' dir='ltr'>eummadesummo</span> <span class='ocrx_word' id='word_1_321' title='bbox 787 3863 1149 3936; x_wconf 80' lang='lat' dir='ltr'>idetterree1terreeZo</span> <span class='ocrx_word' id='word_1_322' title='bbox 1251 3869 1393 3924; x_wconf 70' lang='lat' dir='ltr'>etormZ</span> <span class='ocrx_word' id='word_1_323' title='bbox 1488 3885 1553 3940; x_wconf 88' lang='lat' dir='ltr'>pro-</span> 
     </span>
     <span class='ocr_line' id='line_1_37' title="bbox 405 3947 1551 4023; baseline 0.005 -20"><span class='ocrx_word' id='word_1_324' title='bbox 405 3947 473 4004; x_wconf 83' lang='lat' dir='ltr'>flusa</span> <span class='ocrx_word' id='word_1_325' title='bbox 489 3951 546 4017; x_wconf 84' lang='lat' dir='ltr'>rp¹,</span> <span class='ocrx_word' id='word_1_326' title='bbox 565 3948 704 4019; x_wconf 85' lang='lat' dir='ltr'>profluae</span> <span class='ocrx_word' id='word_1_327' title='bbox 792 3951 824 4006; x_wconf 85' lang='lat' dir='ltr'>l&#39;l</span> <span class='ocrx_word' id='word_1_328' title='bbox 843 3950 985 4006; x_wconf 87' lang='lat' dir='ltr'>lictoribus</span> <span class='ocrx_word' id='word_1_329' title='bbox 1004 3952 1031 4006; x_wconf 97' lang='grc' dir='ltr'><em>Ζ</em></span> <span class='ocrx_word' id='word_1_330' title='bbox 1116 3952 1151 4008; x_wconf 87' lang='grc'>18</span> <span class='ocrx_word' id='word_1_331' title='bbox 1168 3951 1289 4023; x_wconf 85' lang='lat' dir='ltr'>iuterim]</span> <span class='ocrx_word' id='word_1_332' title='bbox 1307 3951 1380 4008; x_wconf 89' lang='lat' dir='ltr'>iuter</span> <span class='ocrx_word' id='word_1_333' title='bbox 1397 3953 1464 4008; x_wconf 87' lang='lat' dir='ltr'>baec</span> <span class='ocrx_word' id='word_1_334' title='bbox 1481 3954 1551 4009; x_wconf 70' lang='lat' dir='ltr'>cont</span> 
     </span>
     <span class='ocr_line' id='line_1_38' title="bbox 405 4033 1552 4111; baseline 0.006 -22"><span class='ocrx_word' id='word_1_335' title='bbox 405 4033 541 4090; x_wconf 65' lang='lat' dir='ltr'>montes</span> <span class='ocrx_word' id='word_1_336' title='bbox 657 4039 826 4093; x_wconf 74' lang='lat' dir='ltr'>comdentem</span> <span class='ocrx_word' id='word_1_337' title='bbox 844 4054 897 4093; x_wconf 83' lang='lat' dir='ltr'>ooo.</span> <span class='ocrx_word' id='word_1_338' title='bbox 915 4040 943 4093; x_wconf 93' lang='grc' dir='ltr'><em>Ζ</em></span> <span class='ocrx_word' id='word_1_339' title='bbox 1068 4039 1171 4109; x_wconf 85' lang='lat' dir='ltr'>pariter</span> <span class='ocrx_word' id='word_1_340' title='bbox 1187 4055 1219 4094; x_wconf 87' lang='lat' dir='ltr'>eo</span> <span class='ocrx_word' id='word_1_341' title='bbox 1237 4040 1264 4094; x_wconf 97' lang='grc' dir='ltr'><em>Ζ</em></span> <span class='ocrx_word' id='word_1_342' title='bbox 1387 4041 1552 4111; x_wconf 82' lang='lat' dir='ltr'>aspiratione</span> 
     </span>
     <span class='ocr_line' id='line_1_39' title="bbox 405 4117 1550 4192; baseline 0.006 -19"><span class='ocrx_word' id='word_1_343' title='bbox 405 4117 439 4184; x_wconf 92' lang='grc' dir='ltr'>Ζ,</span> <span class='ocrx_word' id='word_1_344' title='bbox 456 4119 574 4188; x_wconf 78' lang='lat' dir='ltr'>conspici</span> <span class='ocrx_word' id='word_1_345' title='bbox 591 4121 698 4176; x_wconf 75' lang='lat' dir='ltr'>ntione</span> <span class='ocrx_word' id='word_1_346' title='bbox 715 4137 752 4191; x_wconf 82' lang='lat' dir='ltr'>rp</span> <span class='ocrx_word' id='word_1_347' title='bbox 843 4138 925 4178; x_wconf 69' lang='lat' dir='ltr'>umus</span> <span class='ocrx_word' id='word_1_348' title='bbox 944 4123 991 4192; x_wconf 86' lang='lat' dir='ltr'>qui</span> <span class='ocrx_word' id='word_1_349' title='bbox 1009 4123 1037 4180; x_wconf 92' lang='grc' dir='ltr'><em>Ζ</em></span> <span class='ocrx_word' id='word_1_350' title='bbox 1139 4125 1173 4179; x_wconf 82' lang='grc'>19</span> <span class='ocrx_word' id='word_1_351' title='bbox 1190 4127 1315 4180; x_wconf 85' lang='lat' dir='ltr'>extensus</span> <span class='ocrx_word' id='word_1_352' title='bbox 1332 4126 1360 4180; x_wconf 93' lang='grc' dir='ltr'><em>Ζ</em></span> <span class='ocrx_word' id='word_1_353' title='bbox 1462 4141 1550 4180; x_wconf 84' lang='lat' dir='ltr'>aerem</span> 
     </span>
     <span class='ocr_line' id='line_1_40' title="bbox 404 4201 1549 4280; baseline 0.008 -22"><span class='ocrx_word' id='word_1_354' title='bbox 404 4201 533 4274; x_wconf 89' lang='lat' dir='ltr'>medium]</span> <span class='ocrx_word' id='word_1_355' title='bbox 550 4203 638 4260; x_wconf 91' lang='lat' dir='ltr'>latore</span> <span class='ocrx_word' id='word_1_356' title='bbox 654 4204 744 4261; x_wconf 90' lang='lat' dir='ltr'>medio</span> <span class='ocrx_word' id='word_1_357' title='bbox 762 4207 789 4262; x_wconf 91' lang='grc' dir='ltr'><em>Ζ</em></span> <span class='ocrx_word' id='word_1_358' title='bbox 891 4209 927 4264; x_wconf 77' lang='lat'>20</span> <span class='ocrx_word' id='word_1_359' title='bbox 944 4208 1088 4264; x_wconf 85' lang='lat' dir='ltr'>serenitate</span> <span class='ocrx_word' id='word_1_360' title='bbox 1106 4225 1143 4280; x_wconf 79' lang='grc' dir='ltr'>νμ</span> <span class='ocrx_word' id='word_1_361' title='bbox 1235 4210 1269 4265; x_wconf 80' lang='lat'>21</span> <span class='ocrx_word' id='word_1_362' title='bbox 1281 4211 1380 4266; x_wconf 87' lang='lat' dir='ltr'>rariter</span> <span class='ocrx_word' id='word_1_363' title='bbox 1391 4215 1549 4267; x_wconf 87' lang='lat' dir='ltr'>euocantem</span> 
     </span>
     <span class='ocr_line' id='line_1_41' title="bbox 404 4289 736 4360; baseline 0.009 -18"><span class='ocrx_word' id='word_1_364' title='bbox 404 4303 440 4357; x_wconf 76' lang='lat' dir='ltr'>up</span> <span class='ocrx_word' id='word_1_365' title='bbox 544 4289 617 4360; x_wconf 76' lang='lat' dir='ltr'>istie]</span> <span class='ocrx_word' id='word_1_366' title='bbox 635 4290 690 4344; x_wconf 87' lang='lat' dir='ltr'>biis</span> <span class='ocrx_word' id='word_1_367' title='bbox 708 4292 736 4345; x_wconf 91' lang='grc' dir='ltr'><em>Ζ</em></span> 
     </span>
    </p>
   </div>
   <div class='ocr_carea' id='block_1_5' title="bbox 0 0 2010 5056">
    <p class='ocr_par' dir='ltr' id='par_1_6' title="bbox 0 0 2010 5056">
     <span class='ocr_line' id='line_1_42' title="bbox 0 0 2010 5056; baseline 0 8"><span class='ocrx_word' id='word_1_368' title='bbox 0 0 2010 5056; x_wconf 95' lang='lat' dir='ltr'> </span> 
     </span>
    </p>
   </div>
  </div>
 </body>
</html>
