4016 5054
740 407 785 459 De
802 406 937 474 duplici
956 408 1123 474 martyrio
1141 422 1163 460 c.
1180 406 1292 460 25-28.
1520 408 1584 472 239

412 544 417 555 ’
447 566 594 640 pomum
615 567 659 624 tui
685 565 950 625 irreconciliabilem
977 549 1191 640 transfugeris'.
1214 567 1316 626 merite
1343 565 1469 626 iidehum
1498 581 1584 624 auree

393 691 397 700 ¹
447 668 649 728 abominantur
673 671 822 741 apostatas
849 669 1037 728 uocabulum:
1060 685 1159 728 uerum
1186 669 1239 728 hue
1259 686 1317 728 nou
1332 666 1372 727 ibi
1388 671 1502 727 tantum
1515 683 1582 726 ero·

447 773 585 831 orandum
601 774 654 842 est,
671 789 734 831 cum
750 771 864 831 incenso
880 770 994 832 tusculo
1009 775 1061 831 aut
1075 772 1183 846 scripto
1198 769 1297 831 libello
1318 771 1500 831 renuntiatur
1514 787 1582 844 pre·

447 872 566 933 sessioni
591 873 714 932 neminis
739 873 864 946 Christi,
891 875 943 934 sed
967 873 1136 948 ubicumque
1163 874 1315 934 contemtis
1338 873 1447 932 Christi
1470 872 1584 945 legibus

425 977 662 1050 subtemporatnr
687 982 814 1038 satanae.
838 993 891 1036 noc
919 978 995 1036 euim
1022 979 1112 1036 refert
1133 977 1202 1050 quid
1225 981 1307 1035 sonet
1328 976 1443 1050 lingua:
1468 992 1542 1048 quaa
1560 976 1586 1032 si

447 1085 531 1138 senet
547 1079 701 1150 Christum,
718 1080 909 1159 comunimus
926 1077 965 1136 sit
982 1079 1098 1137 deditus
1113 1077 1289 1151 criminibus,
1311 1095 1368 1137 nou
1383 1080 1429 1136 est
1443 1076 1584 1152 professio

449 1182 499 1241 sad
526 1182 702 1258 hypocrisis,
725 1182 904 1256 abnegatura
931 1180 1077 1240 Christum
1103 1180 1129 1240 si
1156 1184 1249 1240 metus
1270 1184 1383 1255 urgeat,
1411 1181 1460 1254 qui
1481 1179 1585 1254 premit
1659 1214 1661 1220 ·

446 1283 606 1344 turificates
620 1288 670 1343 aut
685 1284 839 1343 libellatos.
855 1287 942 1358 atque
957 1284 988 1342 in
1003 1284 1049 1342 his
1063 1285 1150 1344 rebus
1165 1300 1238 1357 quae
1254 1284 1296 1342 sic
1311 1282 1429 1342 interae
1441 1287 1582 1356 pugnant,

447 1389 481 1445 ut
502 1389 605 1446 neutra
625 1387 699 1446 ierat
713 1386 835 1447 alterius
850 1385 1037 1458 consortium,
1061 1386 1173 1460 quoties
1188 1388 1262 1446 banc
1276 1385 1485 1459 amplectimur,
1503 1385 1583 1444 illam

411 1488 653 1561 roahdicauimus,
670 1491 781 1563 quoties
795 1507 882 1550 unam
897 1489 1059 1560 reiecirnus,
1074 1489 1195 1548 alteram
1210 1488 1401 1563 agnoscimus.
1425 1487 1585 1548 cuiusmodi

445 1592 515 1648 sunt
538 1590 586 1648 ιιιιι
601 1594 631 1649 et
651 1593 800 1662 tenebrae,
824 1591 932 1651 behem
948 1593 978 1649 et
1000 1607 1071 1663 pax,
1094 1607 1171 1648 mors
1186 1595 1216 1648 et
1230 1590 1309 1660 uita,
1332 1589 1410 1649 Deus
1426 1593 1456 1648 st
1470 1589 1584 1648 Belial:

447 1692 684 1765 quemadmodum
710 1697 835 1752 testatur
858 1697 888 1752 et
909 1693 1011 1752 boatus
1035 1693 1143 1752 Paulos
1158 1692 1188 1751 in
1212 1693 1338 1752 secunda
1352 1694 1389 1752 ad
1404 1691 1584 1752 corinthios:

447 1811 538 1867 quae
568 1795 662 1855 enim
689 1797 934 1870 participatio
965 1795 1142 1855 iustitiae
1171 1813 1250 1854 oum
1273 1795 1494 1868 iniquitate,
1523 1798 1585 1852 aut

448 1913 539 1968 quas
563 1895 727 1957 societas
749 1897 825 1956 luci
847 1898 889 1956 ad
911 1899 1112 1958 terrebrasl
1136 1914 1225 1972 quae
1247 1900 1365 1956 autem
1387 1895 1585 1956 conuentis

412 1999 593 2058 rechristi
614 2001 659 2058 ad
679 1998 826 2059 Belial?
857 1999 1025 2060 adhaesisse
1049 2000 1144 2060 Belial
1170 2005 1217 2059 est
1242 2000 1400 2073 abnegasse
1427 1999 1584 2067 Christum,

447 2105 600 2174 utcumque
614 2101 715 2176 lingua
729 2103 779 2159 aut
795 2100 897 2160 habitu
913 2101 1061 2161 (llrristum
1076 2102 1247 2176 profitearis.

491 2201 533 2261 De
548 2205 602 2263 hec
617 2205 642 2262 si
658 2203 723 2276 quis
738 2202 944 2276 simpliciorum
961 2202 1119 2274 dubitarit,
1144 2204 1217 2263 daho
1240 2206 1440 2277 argumentum
1456 2219 1583 2261 crassum
1596 2198 1636 2254 28

448 2307 478 2362 et
504 2305 634 2365 sindana.
668 2306 810 2380 fingamus
836 2310 991 2380 tyrannum
1017 2307 1059 2364 ita
1081 2306 1159 2380 loqui
1183 2305 1344 2364 Christiano
1366 2293 1512 2364 ‘incendes
1537 2307 1586 2362 tus

448 2390 533 2478 Ioui',
560 2405 635 2466 nihil
660 2409 811 2468 addentem
838 2424 892 2466 nec
918 2409 1082 2483 exigentem
1097 2411 1130 2466 ut
1145 2407 1289 2467 Christum
1314 2408 1452 2481 abneget:
1476 2407 1501 2464 si
1516 2407 1585 2466 ado·

412 2506 562 2578 minuerit,
590 2525 684 2568 nonna
710 2510 822 2570 cunetis
845 2509 1033 2570 manifestum
1055 2511 1113 2570 erit
1127 2509 1209 2568 illum
1224 2511 1278 2568 hee
1292 2509 1354 2581 ipso
1371 2509 1518 2568 (lhristnm
1532 2509 1585 2568 ab·

449 2624 582 2682 negasse,
610 2612 684 2683 qnod
708 2612 771 2670 Ioui
796 2611 900 2672 iecerit
916 2611 1085 2686 thymiama,
1108 2611 1221 2670 etiarnsi
1236 2610 1310 2670 uihil
1325 2611 1452 2684 prolerat
1467 2611 1586 2683 impium

448 2710 480 2768 in
505 2711 676 2772 Christum?
699 2715 937 2787 quamadmodum
967 2714 1017 2787 qui
1043 2715 1163 2788 magicis
1190 2713 1302 2772 artibus
1329 2715 1447 2772 utuntur
1475 2714 1507 2794 (a
1530 2731 1587 2787 quo

447 2813 523 2872 malo
538 2829 591 2872 nos
607 2814 721 2874 Domini
735 2816 932 2876 misericordia
947 2816 1094 2886 liberauit,
1117 2816 1192 2874 sicut
1206 2833 1224 2873 a
1239 2815 1343 2876 ceteris
1358 2814 1500 2885 omnibus,
1522 2815 1586 2888 qui-

447 2915 504 2974 bus
528 2916 610 2976 iuxta
634 2921 759 2976 ueterem
783 2918 926 2978 homiuem
949 2917 1091 2992 quondam
1106 2917 1287 2976 ambulantes
1302 2912 1483 2998 tenebamur)
1498 2916 1587 2976 tacite

413 3016 599 3076 rechristum
625 3020 778 3094 abnegant,
805 3021 873 3080 dum
898 3037 963 3079 cum
992 3020 1177 3080 daemonibus
1205 3020 1314 3079 habent
1338 3019 1448 3078 foedus.
1481 3019 1585 3077 iamsi

448 3119 618 3180 blanhabaai
646 3121 751 3181 iratres
773 3139 831 3182 una
852 3139 916 3183 cum
944 3125 1034 3182 matre
1058 3124 1220 3182 maluerunt
1234 3125 1279 3182 tet
1294 3122 1469 3182 cruciatibus
1484 3122 1586 3180 exani·

447 3223 522 3280 mari
543 3240 628 3296 quam
650 3241 734 3283 carne
754 3224 841 3284 suilla
857 3227 942 3296 uesci,
968 3225 1011 3284 sic
1031 3225 1231 3285 existimantes
1245 3241 1308 3283 sum
1324 3224 1414 3282 Deum
1429 3223 1503 3298 legis
1517 3241 1586 3282 auc·

447 3328 539 3383 torem
564 3343 668 3399 negare
692 3327 823 3400 quisquis
846 3326 940 3386 sciens
957 3343 991 3386 ao
1006 3326 1106 3386 uolens
1130 3327 1204 3400 legis
1225 3329 1379 3399 praecepta
1402 3325 1507 3384 uiolat:
1531 3343 1587 3398 quo

449 3429 534 3501 pacto
550 3426 606 3487 sibi
621 3428 775 3500 blanditur,
792 3430 842 3502 qui
859 3428 889 3486 in
904 3428 975 3488 luxu
990 3428 1161 3488 temulentia
1175 3427 1299 3486 auaritia
1312 3428 1421 3501 rapinis
1436 3426 1586 3486 adulteriis

414 3541 441 3582 ιο
450 3528 575 3605 aliisque
590 3530 755 3591 criminibus
770 3533 989 3605 consenescunt,
1006 3549 1079 3605 quaa
1094 3531 1225 3607 gentium
1240 3532 1327 3590 otiam
1342 3532 1421 3604 leges
1433 3517 1588 3590 uoluerunt

448 3649 511 3694 asse
537 3633 701 3708 impunita?
724 3638 754 3695 et
780 3653 843 3695 cnm
870 3638 913 3694 tot
939 3635 1031 3695 modis
1054 3635 1201 3694 Christum
1227 3634 1386 3708 abnegent,
1411 3651 1474 3692 oum
1502 3633 1587 3692 toties

336 3763 339 3770 ·
449 3734 600 3795 immolent
615 3737 810 3819 daemonibus,
827 3753 877 3811 pro
893 3736 1070 3797 Christianis
1084 3737 1185 3796 haberi
1199 3737 1369 3810 postulant?
1394 3739 1480 3810 atqua
1496 3735 1525 3794 in
1542 3737 1589 3794 his

450 3842 529 3910 sunt,
553 3839 602 3913 qui
617 3839 713 3914 palam
729 3841 787 3900 ista
801 3840 986 3900 committunt
1000 3858 1034 3900 ac
1049 3839 1252 3914 propemodum
1271 3839 1361 3898 etiam
1381 3839 1543 3914 gloriantur
1558 3839 1585 3898 in

450 3941 537 4000 rebus
552 3941 701 4014 pessimis:
725 3945 796 4002 adso
811 3960 867 4002 nen
882 3945 971 4016 pudet
985 3945 1038 4001 aut
1052 3942 1133 4016 piget
1147 3942 1346 4001 admissorum.
1377 3945 1408 4000 at
1423 3943 1518 4001 tamen
1533 3961 1584 4001 nu-

413 4043 519 4102 redsnt
545 4043 642 4102 uenire
663 4044 693 4102 in
713 4043 864 4104 ecclesiam
884 4047 1058 4116 sauctorum,
1074 4045 1182 4103 audent
1206 4042 1319 4102 misceri
1332 4043 1414 4117 gregi
1430 4043 1581 4103 deminico.

522 4294 603 4348 1311
622 4293 681 4350 Cor.
699 4295 724 4358 6,
743 4295 784 4349 14.
