4016 5054
724 382 768 436 De
785 383 917 453 duplici
936 386 1104 454 nicrtyrio
1122 400 1144 438 c.
1165 383 1276 440 18-20.
1503 387 1567 453 233

431 540 589 601 uertisti
611 559 755 602 sernum
778 561 891 604 meum
914 544 992 614 lob,
1020 545 1194 619 quomodo
1217 562 1287 603 non
1308 544 1407 604 eitoi
1430 543 1568 604 similis

432 646 709 717 superterram,
733 645 835 704 homo
856 645 1011 717 simplex
1034 648 1071 705 st
1092 648 1220 705 rectus
1241 665 1282 705 ee
1303 645 1567 706 timensDeum

430 747 467 804 et
489 746 665 806 recedens
687 765 705 806 s
733 747 898 807 molitiei
921 765 1015 806 nonne
1039 763 1197 807 sermonem
1212 749 1323 822 profert
1339 749 1374 808 de
1389 764 1440 806 suo
1456 747 1566 808 cultore

431 847 606 922 gloriantis?
637 849 737 909 beotm
764 853 860 910 colem
882 851 993 910 Paulus
1014 850 1209 926 splendidiore
1223 851 1312 911 etiem
1328 851 1417 911 uerbo
1432 867 1502 910 neue
1522 853 1567 910 eet

410 951 564 1012 seoribens
589 951 741 1011 secundum
766 955 802 1012 sd
818 952 979 1012 corinthios
995 953 1163 1026 epistolem:
1192 953 1264 1013 Dco
1287 956 1412 1012 cutem
1433 953 1569 1027 gretia,

434 1052 496 1125 qni
518 1070 658 1127 semper
680 1053 888 1128 triumphat
909 1073 973 1115 nos
994 1057 1030 1115 in
1052 1056 1205 1115 Christo
1234 1057 1335 1127 Iesu,
1365 1059 1401 1114 et
1424 1055 1569 1114 odorem

431 1154 592 1214 notities
615 1172 699 1215 suae
722 1157 944 1217 monifestat
977 1173 1041 1230 per
1069 1173 1133 1217 nos
1163 1157 1199 1215 in
1228 1157 1325 1216 omni
1352 1158 1448 1228 loeo,
1482 1157 1570 1230 quie

432 1257 577 1318 Christi
599 1261 715 1318 bonne
739 1261 826 1341 odor
848 1277 970 1320 sumus
992 1261 1074 1320 Deo.
1106 1259 1240 1320 melius
1267 1262 1327 1319 eet
1354 1274 1478 1319 nomen
1506 1261 1566 1318 bo·

431 1377 513 1420 num
537 1378 648 1437 super
678 1368 868 1437 unguento
900 1363 1076 1438 pretioso.
1107 1361 1252 1434 scriptura
1278 1361 1434 1436 gloriosam
1460 1361 1568 1420 lamam

401 1479 426 1517 ro
434 1463 580 1536 appellare
595 1465 669 1524 solet
684 1465 874 1525 odoramenta.
892 1483 947 1524 non
964 1467 1059 1525 tumen
1077 1464 1155 1523 Deus
1170 1463 1312 1535 gloriatur
1324 1464 1467 1522 hominum
1479 1480 1567 1534 mors,

432 1565 489 1624 sibi
503 1566 620 1639 placens
635 1584 668 1626 eo
683 1568 825 1641 gestiens,
854 1570 903 1628 sed
918 1571 1047 1627 nostrum
1068 1566 1191 1627 sulutem
1212 1584 1293 1626 soom
1310 1568 1388 1624 duoit
1403 1565 1524 1639 glorium
1539 1568 1569 1624 et

435 1669 498 1727 ideo
514 1669 637 1729 subiecit
651 1669 814 1741 apostolus:
831 1671 868 1728 in
895 1670 953 1728 his
980 1671 1043 1744 qui
1070 1671 1169 1729 solui
1195 1669 1297 1728 fiunt
1319 1672 1354 1728 ot
1376 1669 1409 1726 in
1433 1667 1569 1742 hisqui

431 1773 596 1842 pereunt.
627 1772 764 1843 quomodo
787 1772 963 1844 glorificetur
990 1773 1067 1830 Deus
1091 1773 1121 1828 in
1147 1772 1194 1830 his
1220 1771 1270 1844 qui
1285 1771 1360 1830 salui
1375 1772 1467 1828 liunt?
1499 1787 1569 1842 quo·

433 1871 511 1929 nium
526 1873 556 1930 in
572 1871 632 1930 illis
647 1871 811 1932 illustretur
826 1873 906 1932 illius
934 1872 1141 1932 misericordis,
1168 1873 1308 1946 quomodo
1331 1873 1360 1930 in
1383 1871 1429 1929 his
1453 1873 1501 1944 qui
1517 1889 1568 1944 pe·

400 1993 425 2030 rs
435 1975 540 2030 rountl
571 1973 705 2047 quonium
721 1973 750 2030 in
766 1975 812 2032 his
828 1974 991 2033 declarator
1007 1975 1089 2033 illius
1104 1974 1229 2032 iustitis.

476 2073 559 2132 Nono
575 2075 636 2148 ipss
652 2077 791 2135 sermonis
806 2095 906 2136 oureus
922 2095 974 2134 uos
996 2095 1028 2136 oo
1051 2077 1178 2147 deduxit,
1203 2079 1235 2134 ut
1258 2079 1408 2136 doceamus
1423 2078 1452 2132 ot
1466 2092 1568 2148 poeon-
1581 2075 1623 2132 ‘20

431 2179 527 2234 torum
541 2177 719 2237 confessione
734 2178 887 2251 glorificari
905 2180 1004 2236 Deum.
1021 2180 1069 2238 lrio
1083 2180 1207 2238 occurrit
1220 2179 1351 2251 protinus
1366 2195 1401 2236 ox
1416 2177 1490 2237 libro
1502 2179 1567 2237 locu

432 2277 515 2337 Naue
531 2279 643 2348 Acten,
659 2279 708 2351 qni
724 2281 857 2350 quonism
872 2283 972 2339 contro
987 2281 1117 2339 diuinum
1132 2281 1256 2338 edictum
1273 2279 1432 2338 sustulerat
1448 2297 1482 2338 ox
1498 2297 1568 2337 ano-

432 2380 559 2439 themoto
575 2379 695 2454 pallium
709 2380 869 2440 coccineum
885 2381 998 2452 insigne
1013 2399 1047 2440 eo
1063 2382 1202 2441 ducentos
1222 2381 1309 2441 siclos
1324 2381 1439 2454 urgenti
1461 2399 1495 2440 oe
1509 2381 1567 2438 lin·

396 2497 519 2552 rognum
533 2499 647 2540 auream
663 2482 796 2541 siclorum
813 2483 1038 2555 quinquaginta,
1062 2483 1186 2556 populus
1203 2484 1294 2542 lsrael
1317 2485 1400 2556 terge
1414 2484 1502 2540 uertit
1516 2484 1569 2540 ho·

431 2582 533 2641 stibus.
550 2585 648 2656 iraque
663 2584 746 2642 Iosuo
761 2584 966 2644 dixitAelmo:
999 2585 1145 2655 filimi,
1177 2586 1220 2643 du
1241 2584 1399 2658 gloriam
1423 2584 1570 2643 Domino

431 2681 502 2742 Deo
525 2685 644 2743 Israel
667 2688 704 2744 ot
724 2687 908 2746 confitere
931 2690 1039 2760 utque
1062 2686 1188 2746 indica
1208 2687 1296 2745 mihi
1320 2687 1568 2759 quidfsoeris,

432 2803 474 2844 ns
489 2785 703 2846 abscondas.
726 2788 874 2848 confessus
886 2789 967 2846 dedit
981 2805 1099 2861 poorroe,
1115 2791 1145 2848 et
1159 2804 1279 2847 auersus
1294 2793 1339 2847 eet
1354 2788 1433 2846 furor
1443 2787 1568 2847 Domini.

435 2904 471 2947 ec
485 2889 626 2948 confessio
641 2890 809 2949 clerilionuit
823 2891 875 2950 Dei
891 2890 1032 2949 iustitiam
1048 2891 1279 2964 complentium.
1296 2889 1475 2962 sapientiam,
1493 2892 1568 2964 quod

396 2991 513 3049 millius
529 2991 619 3049 oeulis
635 2991 707 3049 nihil
724 2996 801 3051 esset
816 2993 996 3051 abstrusum:
1027 2992 1185 3062 iustitium,
1207 2994 1281 3064 quod
1309 3011 1364 3052 non
1395 2993 1455 3050 sine
1482 3009 1567 3051 caum

430 3109 534 3167 passus
546 3101 623 3152 osset
635 3094 733 3152 hostes
744 3095 883 3154 aduersus
891 3095 1027 3154 lsroolom
1041 3095 1227 3171 inualescere,
1240 3097 1370 3169 quodque
1382 3095 1461 3167 leges
1473 3093 1565 3167 ipsius

434 3195 531 3254 nullus
546 3196 694 3255 hominum
710 3195 822 3270 impune
838 3196 937 3255 uiolot.
964 3197 1038 3254 nihil
1054 3199 1118 3254 orat
1133 3195 1230 3269 magni
1245 3197 1321 3269 quod
1336 3197 1493 3254 suffuratus
1508 3198 1571 3254 erat

431 3297 548 3358 Achan:
575 3315 709 3371 maguum
725 3302 819 3359 lernen
842 3302 906 3359 erut
919 3300 1118 3358 documentum
1141 3297 1276 3358 uniuerso
1292 3298 1405 3373 populo,
1433 3301 1570 3369 quantum

436 3398 595 3472 periculum
611 3400 650 3457 sit
665 3399 718 3458 Dei
744 3401 823 3460 iusso
847 3400 995 3474 negligere
1021 3401 1104 3473 eique
1120 3399 1195 3458 uelle
1218 3400 1363 3474 imponere
1387 3399 1468 3473 quusi
1483 3399 1569 3471 quid·

402 3519 522 3574 coquam
537 3503 620 3560 ilium
635 3502 756 3576 lugeret,
783 3507 834 3563 out
859 3505 942 3577 qussi
957 3504 1069 3562 feneret
1084 3503 1375 3576 praeuaricatoribus.
1406 3503 1492 3574 utque
1522 3501 1572 3558 ills

436 3604 551 3677 quidem
566 3622 630 3663 eum
645 3608 722 3664 esset
737 3606 869 3678 ludnene,
891 3607 928 3666 ob
945 3608 1058 3665 unicum
1073 3609 1222 3679 peccatum
1238 3605 1314 3679 quod
1328 3605 1384 3678 ipsi
1409 3605 1471 3662 leue
1487 3603 1569 3661 uide·

434 3706 523 3767 betur
534 3706 731 3766 seuerissimus
743 3725 848 3780 poenus
860 3709 949 3778 dedit,
961 3708 1108 3782 lapidatus
1119 3707 1157 3767 eb
1170 3707 1303 3766 uniuerso
1315 3705 1430 3780 populo,
1442 3704 1568 3778 eorporis

433 3809 554 3869 interitu
569 3810 692 3868 sulutem
709 3811 819 3870 enimse
845 3811 998 3870 redimens.
1029 3828 1086 3870 non
1112 3811 1190 3870 enim
1206 3809 1314 3868 indicat
1328 3808 1406 3867 Deus
1428 3806 1471 3864 bis
1497 3805 1573 3865 inid

433 3927 538 3983 ipsum.

503 4161 566 4213 511
586 4161 644 4215 Cor.
663 4161 688 4224 2,
708 4162 748 4213 14.
852 4162 886 4214 ‘21
906 4162 958 4214 los.
979 4162 1062 4223 7,19.
