<?xml version="1.0" encoding="UTF-8"?>
<!DOCTYPE html PUBLIC "-//W3C//DTD XHTML 1.0 Transitional//EN"
    "http://www.w3.org/TR/xhtml1/DTD/xhtml1-transitional.dtd">
<html xmlns="http://www.w3.org/1999/xhtml" xml:lang="en" lang="en">
 <head>
  <title>
</title>
<meta http-equiv="Content-Type" content="text/html;charset=utf-8" />
  <meta name='ocr-system' content='tesseract 3.04.00' />
  <meta name='ocr-capabilities' content='ocr_page ocr_carea ocr_par ocr_line ocrx_word'/>
</head>
<body>
  <div class='ocr_page' id='page_1' title='image "./sthascicaecilic02cyprgoog_0314.png"; bbox 0 0 4016 5054; ppageno 0'>
   <div class='ocr_carea' id='block_1_1' title="bbox 652 381 1550 454">
    <p class='ocr_par' dir='ltr' id='par_1_1' title="bbox 652 381 1550 454">
     <span class='ocr_line' id='line_1_1' title="bbox 652 381 1550 454; baseline 0.002 -16"><span class='ocrx_word' id='word_1_1' title='bbox 652 384 698 438; x_wconf 88' lang='lat' dir='ltr'><strong>Da</strong></span> <span class='ocrx_word' id='word_1_2' title='bbox 715 382 971 452; x_wconf 77' lang='lat' dir='ltr'><strong>singularitate</strong></span> <span class='ocrx_word' id='word_1_3' title='bbox 988 381 1188 438; x_wconf 85' lang='lat' dir='ltr'><strong>clericerum</strong></span> <span class='ocrx_word' id='word_1_4' title='bbox 1206 399 1228 438; x_wconf 82' lang='lat' dir='ltr'><strong>a</strong></span> <span class='ocrx_word' id='word_1_5' title='bbox 1245 383 1322 439; x_wconf 83' lang='grc'><strong>8-9.</strong></span> <span class='ocrx_word' id='word_1_6' title='bbox 1487 386 1550 454; x_wconf 82' lang='grc'><strong>183</strong></span> 
     </span>
    </p>
   </div>
   <div class='ocr_carea' id='block_1_2' title="bbox 384 541 1582 2651">
    <p class='ocr_par' dir='ltr' id='par_1_2' title="bbox 384 541 1582 2651">
     <span class='ocr_line' id='line_1_2' title="bbox 415 541 1550 619; baseline -0.003 -14"><span class='ocrx_word' id='word_1_7' title='bbox 415 545 620 619; x_wconf 74' lang='lat' dir='ltr'><strong>grauitate,</strong></span> <span class='ocrx_word' id='word_1_8' title='bbox 658 545 693 604; x_wconf 92' lang='lat' dir='ltr'><strong>in</strong></span> <span class='ocrx_word' id='word_1_9' title='bbox 715 544 826 605; x_wconf 89' lang='lat' dir='ltr'><strong>uerbo</strong></span> <span class='ocrx_word' id='word_1_10' title='bbox 859 559 947 603; x_wconf 90' lang='lat' dir='ltr'><strong>sano</strong></span> <span class='ocrx_word' id='word_1_11' title='bbox 970 544 1082 615; x_wconf 87' lang='lat' dir='ltr'><strong>atque</strong></span> <span class='ocrx_word' id='word_1_12' title='bbox 1114 541 1476 619; x_wconf 82' lang='lat' dir='ltr'><strong>inreprehensibili,</strong></span> <span class='ocrx_word' id='word_1_13' title='bbox 1509 547 1550 603; x_wconf 88' lang='lat' dir='ltr'><strong>ut</strong></span> 
     </span>
     <span class='ocr_line' id='line_1_3' title="bbox 415 643 1551 717; baseline -0.002 -11"><span class='ocrx_word' id='word_1_14' title='bbox 415 648 656 708; x_wconf 87' lang='lat' dir='ltr'><strong>aduersarius</strong></span> <span class='ocrx_word' id='word_1_15' title='bbox 677 646 918 717; x_wconf 88' lang='lat' dir='ltr'><strong>reuereatur‚</strong></span> <span class='ocrx_word' id='word_1_16' title='bbox 947 643 1046 702; x_wconf 85' lang='lat' dir='ltr'><strong>nihil</strong></span> <span class='ocrx_word' id='word_1_17' title='bbox 1068 645 1209 705; x_wconf 85' lang='lat' dir='ltr'><strong>babens</strong></span> <span class='ocrx_word' id='word_1_18' title='bbox 1230 646 1271 705; x_wconf 88' lang='lat' dir='ltr'><strong>de</strong></span> <span class='ocrx_word' id='word_1_19' title='bbox 1293 646 1402 706; x_wconf 87' lang='lat' dir='ltr'><strong>nobie</strong></span> <span class='ocrx_word' id='word_1_20' title='bbox 1424 645 1551 705; x_wconf 90' lang='lat' dir='ltr'><strong>dicere</strong></span> 
     </span>
     <span class='ocr_line' id='line_1_4' title="bbox 416 744 1551 822; baseline -0.002 -14"><span class='ocrx_word' id='word_1_21' title='bbox 416 749 513 812; x_wconf 91' lang='lat' dir='ltr'><strong>mali.</strong></span> <span class='ocrx_word' id='word_1_22' title='bbox 536 747 895 822; x_wconf 88' lang='lat' dir='ltr'><strong>etiternm,omnibus‚</strong></span> <span class='ocrx_word' id='word_1_23' title='bbox 918 744 1022 821; x_wconf 79' lang='lat' dir='ltr'><strong>inquit,</strong></span> <span class='ocrx_word' id='word_1_24' title='bbox 1046 745 1158 807; x_wconf 90' lang='lat' dir='ltr'><strong>fidem</strong></span> <span class='ocrx_word' id='word_1_25' title='bbox 1180 748 1308 808; x_wconf 90' lang='lat' dir='ltr'><strong>bonam</strong></span> <span class='ocrx_word' id='word_1_26' title='bbox 1331 746 1551 820; x_wconf 71' lang='lat' dir='ltr'><strong>ostendant</strong></span> 
     </span>
     <span class='ocr_line' id='line_1_5' title="bbox 415 847 1552 923; baseline -0.002 -13"><span class='ocrx_word' id='word_1_27' title='bbox 415 851 543 912; x_wconf 89' lang='lat' dir='ltr'><strong>bonam</strong></span> <span class='ocrx_word' id='word_1_28' title='bbox 565 851 779 912; x_wconf 88' lang='lat' dir='ltr'><strong>doctrinam</strong></span> <span class='ocrx_word' id='word_1_29' title='bbox 802 847 1173 914; x_wconf 84' lang='lat' dir='ltr'><strong>saluatorisllomini</strong></span> <span class='ocrx_word' id='word_1_30' title='bbox 1194 847 1319 909; x_wconf 85' lang='lat' dir='ltr'><strong>nostri</strong></span> <span class='ocrx_word' id='word_1_31' title='bbox 1334 847 1552 923; x_wconf 71' lang='lat' dir='ltr'><strong>praeferant</strong></span> 
     </span>
     <span class='ocr_line' id='line_1_6' title="bbox 398 949 1551 1013; baseline 0.001 -4"><span class='ocrx_word' id='word_1_32' title='bbox 398 951 452 1012; x_wconf 78' lang='lat' dir='ltr'><strong>ein</strong></span> <span class='ocrx_word' id='word_1_33' title='bbox 474 953 652 1013; x_wconf 89' lang='lat' dir='ltr'><strong>omnibus.</strong></span> <span class='ocrx_word' id='word_1_34' title='bbox 683 953 726 1012; x_wconf 89' lang='lat' dir='ltr'><strong>sic</strong></span> <span class='ocrx_word' id='word_1_35' title='bbox 750 953 781 1010; x_wconf 91' lang='lat' dir='ltr'><strong>et</strong></span> <span class='ocrx_word' id='word_1_36' title='bbox 805 949 1041 1011; x_wconf 81' lang='lat' dir='ltr'><strong>ad&#39;limotbaum</strong></span> <span class='ocrx_word' id='word_1_37' title='bbox 1055 949 1157 1012; x_wconf 88' lang='lat' dir='ltr'><strong>scribit</strong></span> <span class='ocrx_word' id='word_1_38' title='bbox 1184 949 1298 1011; x_wconf 86' lang='lat' dir='ltr'><strong>dicens:</strong></span> <span class='ocrx_word' id='word_1_39' title='bbox 1321 949 1438 1012; x_wconf 85' lang='lat' dir='ltr'><strong>forma</strong></span> <span class='ocrx_word' id='word_1_40' title='bbox 1469 951 1551 1010; x_wconf 90' lang='lat' dir='ltr'><strong>esto</strong></span> 
     </span>
     <span class='ocr_line' id='line_1_7' title="bbox 418 1050 1550 1126; baseline -0.002 -13"><span class='ocrx_word' id='word_1_41' title='bbox 418 1054 597 1115; x_wconf 81' lang='lat' dir='ltr'><strong>fidelibus</strong></span> <span class='ocrx_word' id='word_1_42' title='bbox 618 1055 655 1114; x_wconf 94' lang='lat' dir='ltr'><strong>in</strong></span> <span class='ocrx_word' id='word_1_43' title='bbox 688 1068 870 1125; x_wconf 84' lang='lat' dir='ltr'><strong>sermone,</strong></span> <span class='ocrx_word' id='word_1_44' title='bbox 902 1053 942 1112; x_wconf 92' lang='lat' dir='ltr'><strong>in</strong></span> <span class='ocrx_word' id='word_1_45' title='bbox 964 1053 1269 1126; x_wconf 86' lang='lat' dir='ltr'><strong>conuersatione,</strong></span> <span class='ocrx_word' id='word_1_46' title='bbox 1302 1052 1340 1110; x_wconf 93' lang='lat' dir='ltr'><strong>in</strong></span> <span class='ocrx_word' id='word_1_47' title='bbox 1367 1050 1550 1124; x_wconf 88' lang='lat' dir='ltr'><strong>caritate,</strong></span> 
     </span>
     <span class='ocr_line' id='line_1_8' title="bbox 418 1152 1547 1230; baseline -0.004 -17"><span class='ocrx_word' id='word_1_48' title='bbox 418 1152 453 1214; x_wconf 93' lang='lat' dir='ltr'><strong>iu</strong></span> <span class='ocrx_word' id='word_1_49' title='bbox 475 1155 568 1229; x_wconf 86' lang='lat' dir='ltr'><strong>fide,</strong></span> <span class='ocrx_word' id='word_1_50' title='bbox 590 1156 626 1215; x_wconf 93' lang='lat' dir='ltr'><strong>in</strong></span> <span class='ocrx_word' id='word_1_51' title='bbox 648 1155 836 1216; x_wconf 83' lang='lat' dir='ltr'><strong>castitate.</strong></span> <span class='ocrx_word' id='word_1_52' title='bbox 867 1155 941 1230; x_wconf 86' lang='lat' dir='ltr'><strong>qued</strong></span> <span class='ocrx_word' id='word_1_53' title='bbox 967 1157 998 1214; x_wconf 90' lang='lat' dir='ltr'><strong>ot</strong></span> <span class='ocrx_word' id='word_1_54' title='bbox 1023 1155 1127 1213; x_wconf 85' lang='lat' dir='ltr'><strong>Petrus</strong></span> <span class='ocrx_word' id='word_1_55' title='bbox 1152 1155 1299 1229; x_wconf 84' lang='lat' dir='ltr'><strong>apostolus</strong></span> <span class='ocrx_word' id='word_1_56' title='bbox 1319 1153 1410 1214; x_wconf 88' lang='lat' dir='ltr'><strong>satiat</strong></span> <span class='ocrx_word' id='word_1_57' title='bbox 1433 1154 1547 1215; x_wconf 86' lang='lat' dir='ltr'><strong>diceus:</strong></span> 
     </span>
     <span class='ocr_line' id='line_1_9' title="bbox 419 1255 1551 1337; baseline -0.001 -22"><span class='ocrx_word' id='word_1_58' title='bbox 419 1258 672 1332; x_wconf 87' lang='lat' dir='ltr'><strong>conuersatio,</strong></span> <span class='ocrx_word' id='word_1_59' title='bbox 695 1257 808 1332; x_wconf 85' lang='lat' dir='ltr'><strong>inquit,</strong></span> <span class='ocrx_word' id='word_1_60' title='bbox 831 1256 1017 1317; x_wconf 84' lang='lat' dir='ltr'><strong>nostruin</strong></span> <span class='ocrx_word' id='word_1_61' title='bbox 1040 1255 1217 1332; x_wconf 79' lang='lat' dir='ltr'><strong>gentibue</strong></span> <span class='ocrx_word' id='word_1_62' title='bbox 1240 1258 1332 1337; x_wconf 69' lang='lat' dir='ltr'><strong>bona</strong></span> <span class='ocrx_word' id='word_1_63' title='bbox 1354 1257 1422 1330; x_wconf 90' lang='lat' dir='ltr'><strong>eit,</strong></span> <span class='ocrx_word' id='word_1_64' title='bbox 1455 1255 1551 1316; x_wconf 90' lang='lat' dir='ltr'><strong>utin</strong></span> 
     </span>
     <span class='ocr_line' id='line_1_10' title="bbox 420 1356 1551 1434; baseline 0 -16"><span class='ocrx_word' id='word_1_65' title='bbox 420 1359 506 1418; x_wconf 87' lang='lat' dir='ltr'><strong>eoin</strong></span> <span class='ocrx_word' id='word_1_66' title='bbox 529 1377 600 1434; x_wconf 88' lang='lat' dir='ltr'><strong>qno</strong></span> <span class='ocrx_word' id='word_1_67' title='bbox 616 1360 822 1420; x_wconf 89' lang='lat' dir='ltr'><strong>detrabunt</strong></span> <span class='ocrx_word' id='word_1_68' title='bbox 837 1359 878 1418; x_wconf 93' lang='lat' dir='ltr'><strong>de</strong></span> <span class='ocrx_word' id='word_1_69' title='bbox 900 1356 1007 1419; x_wconf 88' lang='lat' dir='ltr'><strong>nobie</strong></span> <span class='ocrx_word' id='word_1_70' title='bbox 1029 1358 1136 1432; x_wconf 88' lang='lat' dir='ltr'><strong>quasi</strong></span> <span class='ocrx_word' id='word_1_71' title='bbox 1156 1360 1197 1418; x_wconf 93' lang='lat' dir='ltr'><strong>de</strong></span> <span class='ocrx_word' id='word_1_72' title='bbox 1217 1357 1551 1419; x_wconf 73' lang='lat' dir='ltr'><strong>malefacientibus</strong></span> 
     </span>
     <span class='ocr_line' id='line_1_11' title="bbox 384 1458 1551 1536; baseline 0.002 -19"><span class='ocrx_word' id='word_1_73' title='bbox 384 1458 459 1520; x_wconf 76' lang='lat' dir='ltr'><strong>rede</strong></span> <span class='ocrx_word' id='word_1_74' title='bbox 490 1461 597 1522; x_wconf 88' lang='lat' dir='ltr'><strong>bouis</strong></span> <span class='ocrx_word' id='word_1_75' title='bbox 630 1458 808 1536; x_wconf 89' lang='lat' dir='ltr'><strong>oporibus</strong></span> <span class='ocrx_word' id='word_1_76' title='bbox 842 1461 984 1520; x_wconf 84' lang='lat' dir='ltr'><strong>nestris</strong></span> <span class='ocrx_word' id='word_1_77' title='bbox 1021 1459 1249 1534; x_wconf 80' lang='lat' dir='ltr'><strong>glorificent</strong></span> <span class='ocrx_word' id='word_1_78' title='bbox 1281 1458 1482 1520; x_wconf 89' lang='lat' dir='ltr'><strong>Dominum.</strong></span> <span class='ocrx_word' id='word_1_79' title='bbox 1520 1462 1551 1519; x_wconf 89' lang='lat' dir='ltr'><strong>at</strong></span> 
     </span>
     <span class='ocr_line' id='line_1_12' title="bbox 417 1561 1550 1636; baseline 0.002 -18"><span class='ocrx_word' id='word_1_80' title='bbox 417 1561 536 1634; x_wconf 83' lang='lat' dir='ltr'><strong>iterum,</strong></span> <span class='ocrx_word' id='word_1_81' title='bbox 566 1563 736 1636; x_wconf 88' lang='lat' dir='ltr'><strong>quoniam</strong></span> <span class='ocrx_word' id='word_1_82' title='bbox 758 1562 902 1634; x_wconf 86' lang='lat' dir='ltr'><strong>eiceet,</strong></span> <span class='ocrx_word' id='word_1_83' title='bbox 932 1561 1041 1634; x_wconf 88' lang='lat' dir='ltr'><strong>iuquit,</strong></span> <span class='ocrx_word' id='word_1_84' title='bbox 1070 1561 1247 1621; x_wconf 82' lang='lat' dir='ltr'><strong>uoluntas</strong></span> <span class='ocrx_word' id='word_1_85' title='bbox 1272 1561 1354 1634; x_wconf 86' lang='lat' dir='ltr'><strong>Dei,</strong></span> <span class='ocrx_word' id='word_1_86' title='bbox 1385 1566 1424 1621; x_wconf 89' lang='grc' dir='ltr'><strong>ιιι</strong></span> <span class='ocrx_word' id='word_1_87' title='bbox 1445 1562 1550 1620; x_wconf 88' lang='lat' dir='ltr'><strong>boue-</strong></span> 
     </span>
     <span class='ocr_line' id='line_1_13' title="bbox 417 1660 1552 1724; baseline 0.001 -3"><span class='ocrx_word' id='word_1_88' title='bbox 417 1660 603 1724; x_wconf 87' lang='lat' dir='ltr'><strong>faaientae</strong></span> <span class='ocrx_word' id='word_1_89' title='bbox 637 1664 896 1724; x_wconf 77' lang='lat' dir='ltr'><strong>obmutescere</strong></span> <span class='ocrx_word' id='word_1_90' title='bbox 933 1661 1091 1722; x_wconf 84' lang='lat' dir='ltr'><strong>faciatis</strong></span> <span class='ocrx_word' id='word_1_91' title='bbox 1131 1661 1329 1722; x_wconf 83' lang='lat' dir='ltr'><strong>stultorum</strong></span> <span class='ocrx_word' id='word_1_92' title='bbox 1367 1663 1552 1723; x_wconf 92' lang='lat' dir='ltr'><strong>bominum</strong></span> 
     </span>
     <span class='ocr_line' id='line_1_14' title="bbox 418 1763 683 1838; baseline 0.011 -16"><span class='ocrx_word' id='word_1_93' title='bbox 418 1763 683 1838; x_wconf 84' lang='lat' dir='ltr'><strong>ignorantiam.</strong></span> 
     </span>
     <span class='ocr_line' id='line_1_15' title="bbox 461 1865 1582 1941; baseline 0.003 -18"><span class='ocrx_word' id='word_1_94' title='bbox 461 1865 522 1925; x_wconf 81' lang='lat' dir='ltr'><strong>Nee</strong></span> <span class='ocrx_word' id='word_1_95' title='bbox 538 1867 688 1941; x_wconf 78' lang='lat' dir='ltr'><strong>quisquam</strong></span> <span class='ocrx_word' id='word_1_96' title='bbox 704 1867 761 1926; x_wconf 86' lang='lat' dir='ltr'><strong>eibi</strong></span> <span class='ocrx_word' id='word_1_97' title='bbox 772 1869 913 1940; x_wconf 92' lang='lat' dir='ltr'><strong>proponat</strong></span> <span class='ocrx_word' id='word_1_98' title='bbox 923 1869 952 1924; x_wconf 94' lang='lat' dir='ltr'><strong>et</strong></span> <span class='ocrx_word' id='word_1_99' title='bbox 964 1865 1056 1925; x_wconf 89' lang='lat' dir='ltr'><strong>dieat:</strong></span> <span class='ocrx_word' id='word_1_100' title='bbox 1082 1866 1187 1926; x_wconf 87' lang='lat' dir='ltr'><strong>babere</strong></span> <span class='ocrx_word' id='word_1_101' title='bbox 1206 1867 1271 1926; x_wconf 89' lang='lat' dir='ltr'><strong>uolo</strong></span> <span class='ocrx_word' id='word_1_102' title='bbox 1283 1867 1359 1940; x_wconf 88' lang='lat' dir='ltr'><strong>quod</strong></span> <span class='ocrx_word' id='word_1_103' title='bbox 1374 1866 1497 1925; x_wconf 76' lang='lat' dir='ltr'><strong>amcam.</strong></span> <span class='ocrx_word' id='word_1_104' title='bbox 1513 1865 1582 1938; x_wconf 73' lang='lat' dir='ltr'><strong>boe</strong></span> 
     </span>
     <span class='ocr_line' id='line_1_16' title="bbox 384 1967 1550 2042; baseline -0.002 -15"><span class='ocrx_word' id='word_1_105' title='bbox 384 1981 408 2020; x_wconf 72' lang='grc' dir='ltr'>ιι</span> <span class='ocrx_word' id='word_1_106' title='bbox 421 1970 466 2027; x_wconf 90' lang='lat' dir='ltr'><strong>eet</strong></span> <span class='ocrx_word' id='word_1_107' title='bbox 480 1967 556 2026; x_wconf 89' lang='lat' dir='ltr'><strong>euim</strong></span> <span class='ocrx_word' id='word_1_108' title='bbox 572 1967 664 2028; x_wconf 88' lang='lat' dir='ltr'><strong>dicere</strong></span> <span class='ocrx_word' id='word_1_109' title='bbox 680 1967 778 2028; x_wconf 90' lang='lat' dir='ltr'><strong>uiuere</strong></span> <span class='ocrx_word' id='word_1_110' title='bbox 793 1968 924 2028; x_wconf 89' lang='lat' dir='ltr'><strong>desidero</strong></span> <span class='ocrx_word' id='word_1_111' title='bbox 940 1967 994 2027; x_wconf 86' lang='lat' dir='ltr'><strong>sub</strong></span> <span class='ocrx_word' id='word_1_112' title='bbox 1019 1967 1111 2027; x_wconf 78' lang='lat' dir='ltr'><strong>urina</strong></span> <span class='ocrx_word' id='word_1_113' title='bbox 1143 1967 1209 2042; x_wconf 81' lang='lat' dir='ltr'><strong>quie</strong></span> <span class='ocrx_word' id='word_1_114' title='bbox 1229 1971 1289 2027; x_wconf 84' lang='lat' dir='ltr'><strong>lam</strong></span> <span class='ocrx_word' id='word_1_115' title='bbox 1312 1967 1421 2028; x_wconf 90' lang='lat' dir='ltr'><strong>stultus</strong></span> <span class='ocrx_word' id='word_1_116' title='bbox 1436 1967 1486 2041; x_wconf 81' lang='lat' dir='ltr'><strong>qui</strong></span> <span class='ocrx_word' id='word_1_117' title='bbox 1501 1983 1550 2026; x_wconf 91' lang='lat' dir='ltr'><strong>ar-</strong></span> 
     </span>
     <span class='ocr_line' id='line_1_17' title="bbox 419 2067 1550 2143; baseline 0 -15"><span class='ocrx_word' id='word_1_118' title='bbox 419 2067 477 2128; x_wconf 90' lang='lat' dir='ltr'><strong>tari</strong></span> <span class='ocrx_word' id='word_1_119' title='bbox 497 2067 594 2143; x_wconf 91' lang='lat' dir='ltr'><strong>cupiat</strong></span> <span class='ocrx_word' id='word_1_120' title='bbox 620 2070 657 2129; x_wconf 94' lang='lat' dir='ltr'><strong>ad</strong></span> <span class='ocrx_word' id='word_1_121' title='bbox 671 2069 816 2142; x_wconf 86' lang='lat' dir='ltr'><strong>laborem,</strong></span> <span class='ocrx_word' id='word_1_122' title='bbox 846 2069 893 2130; x_wconf 90' lang='lat' dir='ltr'><strong>cui</strong></span> <span class='ocrx_word' id='word_1_123' title='bbox 923 2069 1041 2130; x_wconf 82' lang='lat' dir='ltr'><strong>offertur</strong></span> <span class='ocrx_word' id='word_1_124' title='bbox 1069 2068 1219 2129; x_wconf 85' lang='lat' dir='ltr'><strong>delicatius</strong></span> <span class='ocrx_word' id='word_1_125' title='bbox 1234 2067 1434 2143; x_wconf 77' lang='lat' dir='ltr'><strong>triumphares</strong></span> <span class='ocrx_word' id='word_1_126' title='bbox 1458 2084 1550 2143; x_wconf 88' lang='lat' dir='ltr'><strong>neque</strong></span> 
     </span>
     <span class='ocr_line' id='line_1_18' title="bbox 418 2169 1550 2246; baseline 0 -16"><span class='ocrx_word' id='word_1_127' title='bbox 418 2169 493 2230; x_wconf 91' lang='lat' dir='ltr'><strong>enim</strong></span> <span class='ocrx_word' id='word_1_128' title='bbox 508 2171 616 2244; x_wconf 82' lang='lat' dir='ltr'><strong>duplex</strong></span> <span class='ocrx_word' id='word_1_129' title='bbox 631 2171 796 2245; x_wconf 86' lang='lat' dir='ltr'><strong>triumphus</strong></span> <span class='ocrx_word' id='word_1_130' title='bbox 809 2173 856 2232; x_wconf 90' lang='lat' dir='ltr'><strong>eet</strong></span> <span class='ocrx_word' id='word_1_131' title='bbox 877 2172 932 2232; x_wconf 84' lang='lat' dir='ltr'><strong>sub</strong></span> <span class='ocrx_word' id='word_1_132' title='bbox 947 2171 1068 2230; x_wconf 87' lang='lat' dir='ltr'><strong>feminae</strong></span> <span class='ocrx_word' id='word_1_133' title='bbox 1090 2171 1254 2244; x_wconf 87' lang='lat' dir='ltr'><strong>praesentia</strong></span> <span class='ocrx_word' id='word_1_134' title='bbox 1273 2171 1389 2246; x_wconf 89' lang='lat' dir='ltr'><strong>probari</strong></span> <span class='ocrx_word' id='word_1_135' title='bbox 1411 2171 1550 2232; x_wconf 88' lang='lat' dir='ltr'><strong>uictorem</strong></span> 
     </span>
     <span class='ocr_line' id='line_1_19' title="bbox 419 2271 1550 2348; baseline -0.001 -17"><span class='ocrx_word' id='word_1_136' title='bbox 419 2288 505 2345; x_wconf 85' lang='lat' dir='ltr'><strong>quam</strong></span> <span class='ocrx_word' id='word_1_137' title='bbox 519 2271 582 2348; x_wconf 88' lang='lat' dir='ltr'><strong>[est]</strong></span> <span class='ocrx_word' id='word_1_138' title='bbox 593 2271 624 2330; x_wconf 93' lang='lat' dir='ltr'><strong>in</strong></span> <span class='ocrx_word' id='word_1_139' title='bbox 635 2272 837 2347; x_wconf 81' lang='lat' dir='ltr'><strong>singularitate</strong></span> <span class='ocrx_word' id='word_1_140' title='bbox 852 2289 967 2333; x_wconf 81' lang='lat' dir='ltr'><strong>semare</strong></span> <span class='ocrx_word' id='word_1_141' title='bbox 981 2272 1161 2347; x_wconf 84' lang='lat' dir='ltr'><strong>sponsionem</strong></span> <span class='ocrx_word' id='word_1_142' title='bbox 1175 2273 1318 2347; x_wconf 78' lang='lat' dir='ltr'><strong>integrum</strong></span> <span class='ocrx_word' id='word_1_143' title='bbox 1333 2271 1550 2332; x_wconf 76' lang='lat' dir='ltr'><strong>sanctimoniae.</strong></span> 
     </span>
     <span class='ocr_line' id='line_1_20' title="bbox 418 2372 1551 2447; baseline -0.001 -15"><span class='ocrx_word' id='word_1_144' title='bbox 418 2376 527 2433; x_wconf 88' lang='lat' dir='ltr'><strong>etcum</strong></span> <span class='ocrx_word' id='word_1_145' title='bbox 542 2375 582 2433; x_wconf 88' lang='lat' dir='ltr'><strong>eit</strong></span> <span class='ocrx_word' id='word_1_146' title='bbox 597 2392 672 2434; x_wconf 86' lang='lat' dir='ltr'><strong>uuus</strong></span> <span class='ocrx_word' id='word_1_147' title='bbox 686 2375 791 2434; x_wconf 89' lang='lat' dir='ltr'><strong>titulus</strong></span> <span class='ocrx_word' id='word_1_148' title='bbox 806 2375 980 2447; x_wconf 80' lang='lat' dir='ltr'><strong>gloriarum.</strong></span> <span class='ocrx_word' id='word_1_149' title='bbox 1004 2372 1133 2433; x_wconf 87' lang='lat' dir='ltr'><strong>hocloco</strong></span> <span class='ocrx_word' id='word_1_150' title='bbox 1148 2390 1240 2433; x_wconf 84' lang='lat' dir='ltr'><strong>uanus</strong></span> <span class='ocrx_word' id='word_1_151' title='bbox 1254 2373 1339 2433; x_wconf 84' lang='lat' dir='ltr'><strong>fortis</strong></span> <span class='ocrx_word' id='word_1_152' title='bbox 1353 2375 1398 2432; x_wconf 87' lang='lat' dir='ltr'><strong>eet</strong></span> <span class='ocrx_word' id='word_1_153' title='bbox 1412 2372 1462 2446; x_wconf 87' lang='lat' dir='ltr'><strong>qni</strong></span> <span class='ocrx_word' id='word_1_154' title='bbox 1477 2372 1551 2432; x_wconf 86' lang='lat' dir='ltr'><strong>satis</strong></span> 
     </span>
     <span class='ocr_line' id='line_1_21' title="bbox 384 2473 1552 2549; baseline -0.002 -15"><span class='ocrx_word' id='word_1_155' title='bbox 384 2489 411 2534; x_wconf 82' lang='lat' dir='ltr'><strong>ao</strong></span> <span class='ocrx_word' id='word_1_156' title='bbox 420 2473 533 2536; x_wconf 85' lang='lat' dir='ltr'><strong>laboral</strong></span> <span class='ocrx_word' id='word_1_157' title='bbox 548 2480 657 2536; x_wconf 88' lang='lat' dir='ltr'><strong>etcum</strong></span> <span class='ocrx_word' id='word_1_158' title='bbox 672 2475 732 2548; x_wconf 92' lang='lat' dir='ltr'><strong>illo,</strong></span> <span class='ocrx_word' id='word_1_159' title='bbox 750 2475 799 2548; x_wconf 90' lang='lat' dir='ltr'><strong>qni</strong></span> <span class='ocrx_word' id='word_1_160' title='bbox 814 2492 915 2548; x_wconf 88' lang='lat' dir='ltr'><strong>parum</strong></span> <span class='ocrx_word' id='word_1_161' title='bbox 926 2475 1080 2536; x_wconf 86' lang='lat' dir='ltr'><strong>laborando</strong></span> <span class='ocrx_word' id='word_1_162' title='bbox 1101 2475 1220 2547; x_wconf 86' lang='lat' dir='ltr'><strong>uicerit,</strong></span> <span class='ocrx_word' id='word_1_163' title='bbox 1251 2474 1361 2549; x_wconf 87' lang='lat' dir='ltr'><strong>pariter</strong></span> <span class='ocrx_word' id='word_1_164' title='bbox 1375 2475 1552 2534; x_wconf 89' lang='lat' dir='ltr'><strong>muneratur.</strong></span> 
     </span>
     <span class='ocr_line' id='line_1_22' title="bbox 417 2575 1553 2651; baseline 0 -16"><span class='ocrx_word' id='word_1_165' title='bbox 417 2576 486 2651; x_wconf 88' lang='lat' dir='ltr'><strong>quid</strong></span> <span class='ocrx_word' id='word_1_166' title='bbox 501 2577 576 2651; x_wconf 89' lang='lat' dir='ltr'><strong>quod</strong></span> <span class='ocrx_word' id='word_1_167' title='bbox 590 2577 640 2636; x_wconf 93' lang='lat' dir='ltr'><strong>ille</strong></span> <span class='ocrx_word' id='word_1_168' title='bbox 655 2577 725 2650; x_wconf 81' lang='lat' dir='ltr'><strong>quin</strong></span> <span class='ocrx_word' id='word_1_169' title='bbox 738 2577 824 2636; x_wconf 92' lang='lat' dir='ltr'><strong>immo</strong></span> <span class='ocrx_word' id='word_1_170' title='bbox 839 2580 1055 2638; x_wconf 85' lang='lat' dir='ltr'><strong>consummatus</strong></span> <span class='ocrx_word' id='word_1_171' title='bbox 1066 2577 1249 2648; x_wconf 63' lang='lat' dir='ltr'><strong>adeeffiitur,</strong></span> <span class='ocrx_word' id='word_1_172' title='bbox 1265 2576 1315 2650; x_wconf 87' lang='lat' dir='ltr'><strong>qui</strong></span> <span class='ocrx_word' id='word_1_173' title='bbox 1331 2592 1362 2636; x_wconf 89' lang='lat' dir='ltr'><strong>se</strong></span> <span class='ocrx_word' id='word_1_174' title='bbox 1378 2575 1453 2636; x_wconf 89' lang='lat' dir='ltr'><strong>omni</strong></span> <span class='ocrx_word' id='word_1_175' title='bbox 1469 2579 1553 2650; x_wconf 84' lang='lat' dir='ltr'><strong>parte</strong></span> 
     </span>
    </p>
   </div>
   <div class='ocr_carea' id='block_1_3' title="bbox 382 2677 1554 3349">
    <p class='ocr_par' dir='ltr' id='par_1_3' title="bbox 382 2677 1554 3349">
     <span class='ocr_line' id='line_1_23' title="bbox 416 2677 1554 2754; baseline 0.001 -17"><span class='ocrx_word' id='word_1_176' title='bbox 416 2677 549 2738; x_wconf 83' lang='lat' dir='ltr'><strong>femineis</strong></span> <span class='ocrx_word' id='word_1_177' title='bbox 559 2678 710 2740; x_wconf 76' lang='lat' dir='ltr'><strong>affectibus</strong></span> <span class='ocrx_word' id='word_1_178' title='bbox 726 2680 854 2738; x_wconf 66' lang='lat' dir='ltr'><strong>demutat</strong></span> <span class='ocrx_word' id='word_1_179' title='bbox 868 2679 1032 2741; x_wconf 80' lang='lat' dir='ltr'><strong>abscisum?</strong></span> <span class='ocrx_word' id='word_1_180' title='bbox 1047 2681 1115 2754; x_wconf 86' lang='lat' dir='ltr'><strong>quia</strong></span> <span class='ocrx_word' id='word_1_181' title='bbox 1129 2695 1193 2738; x_wconf 90' lang='lat' dir='ltr'><strong>eum</strong></span> <span class='ocrx_word' id='word_1_182' title='bbox 1208 2678 1346 2738; x_wconf 87' lang='lat' dir='ltr'><strong>Dominus</strong></span> <span class='ocrx_word' id='word_1_183' title='bbox 1358 2677 1387 2736; x_wconf 93' lang='lat' dir='ltr'><strong>iu</strong></span> <span class='ocrx_word' id='word_1_184' title='bbox 1402 2677 1554 2752; x_wconf 82' lang='lat' dir='ltr'><strong>euangelio</strong></span> 
     </span>
     <span class='ocr_line' id='line_1_24' title="bbox 418 2777 1551 2853; baseline 0.001 -15"><span class='ocrx_word' id='word_1_185' title='bbox 418 2779 578 2853; x_wconf 89' lang='lat' dir='ltr'><strong>perfectum</strong></span> <span class='ocrx_word' id='word_1_186' title='bbox 595 2783 679 2839; x_wconf 89' lang='lat' dir='ltr'><strong>uocat</strong></span> <span class='ocrx_word' id='word_1_187' title='bbox 709 2779 758 2852; x_wconf 89' lang='lat' dir='ltr'><strong>qui</strong></span> <span class='ocrx_word' id='word_1_188' title='bbox 789 2781 881 2840; x_wconf 85' lang='lat' dir='ltr'><strong>totum</strong></span> <span class='ocrx_word' id='word_1_189' title='bbox 911 2782 972 2840; x_wconf 87' lang='lat' dir='ltr'><strong>auis</strong></span> <span class='ocrx_word' id='word_1_190' title='bbox 1001 2783 1102 2841; x_wconf 87' lang='lat' dir='ltr'><strong>usibus</strong></span> <span class='ocrx_word' id='word_1_191' title='bbox 1131 2779 1323 2852; x_wconf 86' lang='lat' dir='ltr'><strong>amputauorit</strong></span> <span class='ocrx_word' id='word_1_192' title='bbox 1337 2777 1551 2852; x_wconf 85' lang='lat' dir='ltr'><strong>patrimonium.</strong></span> 
     </span>
     <span class='ocr_line' id='line_1_25' title="bbox 416 2879 1552 2958; baseline 0.001 -19"><span class='ocrx_word' id='word_1_193' title='bbox 416 2882 492 2940; x_wconf 89' lang='lat' dir='ltr'><strong>uerte</strong></span> <span class='ocrx_word' id='word_1_194' title='bbox 503 2879 590 2941; x_wconf 88' lang='lat' dir='ltr'><strong>etiam</strong></span> <span class='ocrx_word' id='word_1_195' title='bbox 601 2881 657 2942; x_wconf 87' lang='lat' dir='ltr'><strong>soli</strong></span> <span class='ocrx_word' id='word_1_196' title='bbox 668 2880 835 2956; x_wconf 86' lang='lat' dir='ltr'><strong>cuicumque</strong></span> <span class='ocrx_word' id='word_1_197' title='bbox 845 2882 982 2943; x_wconf 85' lang='lat' dir='ltr'><strong>cotidiani</strong></span> <span class='ocrx_word' id='word_1_198' title='bbox 997 2882 1136 2958; x_wconf 87' lang='lat' dir='ltr'><strong>triumphi</strong></span> <span class='ocrx_word' id='word_1_199' title='bbox 1150 2899 1202 2956; x_wconf 92' lang='lat' dir='ltr'><strong>pro</strong></span> <span class='ocrx_word' id='word_1_200' title='bbox 1217 2880 1354 2941; x_wconf 84' lang='lat' dir='ltr'><strong>castitate</strong></span> <span class='ocrx_word' id='word_1_201' title='bbox 1366 2897 1424 2942; x_wconf 90' lang='lat' dir='ltr'><strong>uon</strong></span> <span class='ocrx_word' id='word_1_202' title='bbox 1437 2881 1552 2954; x_wconf 86' lang='lat' dir='ltr'><strong>desunt,</strong></span> 
     </span>
     <span class='ocr_line' id='line_1_26' title="bbox 382 2982 1553 3057; baseline 0.001 -16"><span class='ocrx_word' id='word_1_203' title='bbox 382 2997 407 3040; x_wconf 76' lang='lat' dir='ltr'><strong>aa</strong></span> <span class='ocrx_word' id='word_1_204' title='bbox 418 2983 486 3054; x_wconf 82' lang='lat' dir='ltr'><strong>quia</strong></span> <span class='ocrx_word' id='word_1_205' title='bbox 499 3000 654 3057; x_wconf 85' lang='lat' dir='ltr'><strong>numquam</strong></span> <span class='ocrx_word' id='word_1_206' title='bbox 669 2982 820 3042; x_wconf 84' lang='lat' dir='ltr'><strong>desideriis</strong></span> <span class='ocrx_word' id='word_1_207' title='bbox 850 2984 1014 3044; x_wconf 87' lang='lat' dir='ltr'><strong>carnalibus</strong></span> <span class='ocrx_word' id='word_1_208' title='bbox 1040 2983 1173 3057; x_wconf 86' lang='lat' dir='ltr'><strong>spiritum</strong></span> <span class='ocrx_word' id='word_1_209' title='bbox 1188 2985 1282 3044; x_wconf 86' lang='lat' dir='ltr'><strong>cessat</strong></span> <span class='ocrx_word' id='word_1_210' title='bbox 1296 2982 1436 3042; x_wconf 82' lang='lat' dir='ltr'><strong>infestare</strong></span> <span class='ocrx_word' id='word_1_211' title='bbox 1449 2999 1553 3056; x_wconf 85' lang='lat' dir='ltr'><strong>corpus</strong></span> 
     </span>
     <span class='ocr_line' id='line_1_27' title="bbox 415 3082 1554 3158; baseline 0.004 -18"><span class='ocrx_word' id='word_1_212' title='bbox 415 3082 589 3156; x_wconf 84' lang='lat' dir='ltr'><strong>humanum,</strong></span> <span class='ocrx_word' id='word_1_213' title='bbox 620 3084 696 3157; x_wconf 89' lang='lat' dir='ltr'><strong>quod</strong></span> <span class='ocrx_word' id='word_1_214' title='bbox 721 3083 869 3158; x_wconf 86' lang='lat' dir='ltr'><strong>apostolus</strong></span> <span class='ocrx_word' id='word_1_215' title='bbox 895 3086 1028 3146; x_wconf 81' lang='lat' dir='ltr'><strong>adfirmat</strong></span> <span class='ocrx_word' id='word_1_216' title='bbox 1055 3086 1167 3146; x_wconf 86' lang='lat' dir='ltr'><strong>dicens:</strong></span> <span class='ocrx_word' id='word_1_217' title='bbox 1198 3101 1300 3156; x_wconf 89' lang='lat' dir='ltr'><strong>aare,</strong></span> <span class='ocrx_word' id='word_1_218' title='bbox 1333 3084 1444 3158; x_wconf 87' lang='lat' dir='ltr'><strong>inquit,</strong></span> <span class='ocrx_word' id='word_1_219' title='bbox 1474 3099 1554 3144; x_wconf 92' lang='lat' dir='ltr'><strong>cou-</strong></span> 
     </span>
     <span class='ocr_line' id='line_1_28' title="bbox 415 3185 1553 3262; baseline 0.002 -20"><span class='ocrx_word' id='word_1_220' title='bbox 415 3185 578 3258; x_wconf 87' lang='lat' dir='ltr'><strong>cupiscit</strong></span> <span class='ocrx_word' id='word_1_221' title='bbox 606 3186 789 3245; x_wconf 82' lang='lat' dir='ltr'><strong>aduersus</strong></span> <span class='ocrx_word' id='word_1_222' title='bbox 819 3187 994 3260; x_wconf 81' lang='lat' dir='ltr'><strong>spiritum</strong></span> <span class='ocrx_word' id='word_1_223' title='bbox 1021 3191 1056 3246; x_wconf 89' lang='lat' dir='ltr'><strong>at</strong></span> <span class='ocrx_word' id='word_1_224' title='bbox 1082 3188 1244 3262; x_wconf 86' lang='lat' dir='ltr'><strong>spiritns</strong></span> <span class='ocrx_word' id='word_1_225' title='bbox 1273 3187 1454 3247; x_wconf 86' lang='lat' dir='ltr'><strong>aduersus</strong></span> <span class='ocrx_word' id='word_1_226' title='bbox 1479 3203 1553 3245; x_wconf 88' lang='lat' dir='ltr'><strong>oar-</strong></span> 
     </span>
     <span class='ocr_line' id='line_1_29' title="bbox 415 3287 1554 3349; baseline 0.003 -5"><span class='ocrx_word' id='word_1_227' title='bbox 415 3302 507 3347; x_wconf 87' lang='lat' dir='ltr'><strong>nem:</strong></span> <span class='ocrx_word' id='word_1_228' title='bbox 548 3287 639 3348; x_wconf 88' lang='lat' dir='ltr'><strong>haec</strong></span> <span class='ocrx_word' id='word_1_229' title='bbox 679 3288 772 3348; x_wconf 89' lang='lat' dir='ltr'><strong>enim</strong></span> <span class='ocrx_word' id='word_1_230' title='bbox 802 3287 959 3348; x_wconf 86' lang='lat' dir='ltr'><strong>inuicem</strong></span> <span class='ocrx_word' id='word_1_231' title='bbox 995 3290 1245 3349; x_wconf 86' lang='lat' dir='ltr'><strong>aduersantnr</strong></span> <span class='ocrx_word' id='word_1_232' title='bbox 1294 3289 1368 3349; x_wconf 88' lang='lat' dir='ltr'><strong>eibi</strong></span> <span class='ocrx_word' id='word_1_233' title='bbox 1403 3291 1445 3348; x_wconf 89' lang='lat' dir='ltr'><strong>ut</strong></span> <span class='ocrx_word' id='word_1_234' title='bbox 1483 3305 1554 3348; x_wconf 89' lang='lat' dir='ltr'><strong>nou</strong></span> 
     </span>
    </p>
   </div>
   <div class='ocr_carea' id='block_1_4' title="bbox 417 3483 1551 3634">
    <p class='ocr_par' dir='ltr' id='par_1_4' title="bbox 417 3483 1551 3634">
     <span class='ocr_line' id='line_1_30' title="bbox 483 3483 1551 3550; baseline 0.001 -13"><span class='ocrx_word' id='word_1_235' title='bbox 483 3483 573 3537; x_wconf 72' lang='lat' dir='ltr'><strong>autc.</strong></span> <span class='ocrx_word' id='word_1_236' title='bbox 591 3484 616 3548; x_wconf 82' lang='lat'><strong>2,</strong></span> <span class='ocrx_word' id='word_1_237' title='bbox 635 3485 678 3539; x_wconf 87' lang='grc'><strong>10.</strong></span> <span class='ocrx_word' id='word_1_238' title='bbox 873 3484 1009 3539; x_wconf 75' lang='lat' dir='ltr'><strong>51Tim.</strong></span> <span class='ocrx_word' id='word_1_239' title='bbox 1028 3486 1054 3546; x_wconf 83' lang='lat'><strong>4,</strong></span> <span class='ocrx_word' id='word_1_240' title='bbox 1073 3485 1114 3538; x_wconf 79' lang='lat'><strong>12.</strong></span> <span class='ocrx_word' id='word_1_241' title='bbox 1304 3485 1322 3538; x_wconf 85' lang='grc'>8</span> <span class='ocrx_word' id='word_1_242' title='bbox 1339 3485 1353 3538; x_wconf 94' lang='grc' dir='ltr'>Ι</span> <span class='ocrx_word' id='word_1_243' title='bbox 1373 3485 1445 3538; x_wconf 85' lang='lat' dir='ltr'><strong>Patr.</strong></span> <span class='ocrx_word' id='word_1_244' title='bbox 1464 3485 1490 3550; x_wconf 79' lang='lat'><strong>2,</strong></span> <span class='ocrx_word' id='word_1_245' title='bbox 1510 3486 1551 3540; x_wconf 76' lang='lat'><strong>12.</strong></span> 
     </span>
     <span class='ocr_line' id='line_1_31' title="bbox 417 3567 1005 3634; baseline 0 -14"><span class='ocrx_word' id='word_1_246' title='bbox 417 3568 448 3621; x_wconf 91' lang='lat'><strong>11</strong></span> <span class='ocrx_word' id='word_1_247' title='bbox 468 3567 482 3620; x_wconf 94' lang='grc' dir='ltr'>Ι</span> <span class='ocrx_word' id='word_1_248' title='bbox 500 3567 574 3621; x_wconf 85' lang='lat' dir='ltr'><strong>Patr.</strong></span> <span class='ocrx_word' id='word_1_249' title='bbox 593 3569 619 3634; x_wconf 78' lang='grc'><strong>2,</strong></span> <span class='ocrx_word' id='word_1_250' title='bbox 638 3571 680 3624; x_wconf 81' lang='lat'><strong>15.</strong></span> <span class='ocrx_word' id='word_1_251' title='bbox 786 3570 820 3624; x_wconf 78' lang='lat'><strong>26</strong></span> <span class='ocrx_word' id='word_1_252' title='bbox 838 3569 898 3622; x_wconf 87' lang='lat' dir='ltr'><strong>Gal.</strong></span> <span class='ocrx_word' id='word_1_253' title='bbox 917 3570 943 3634; x_wconf 84' lang='lat'><strong>5,</strong></span> <span class='ocrx_word' id='word_1_254' title='bbox 965 3569 1005 3622; x_wconf 81' lang='grc'><strong>17.</strong></span> 
     </span>
    </p>
   </div>
   <div class='ocr_carea' id='block_1_5' title="bbox 412 3753 1554 4335">
    <p class='ocr_par' dir='ltr' id='par_1_5' title="bbox 412 3753 1554 4335">
     <span class='ocr_line' id='line_1_32' title="bbox 482 3753 1552 3826; baseline 0 -19"><span class='ocrx_word' id='word_1_255' title='bbox 482 3753 500 3807; x_wconf 83' lang='lat'><strong>3</strong></span> <span class='ocrx_word' id='word_1_256' title='bbox 516 3753 700 3808; x_wconf 86' lang='lat' dir='ltr'><strong>ostendentem</strong></span> <span class='ocrx_word' id='word_1_257' title='bbox 719 3754 754 3809; x_wconf 88' lang='lat'><strong>0¹</strong></span> <span class='ocrx_word' id='word_1_258' title='bbox 921 3753 937 3807; x_wconf 81' lang='lat' dir='ltr'><strong>&#39;i</strong></span> <span class='ocrx_word' id='word_1_259' title='bbox 957 3753 1042 3807; x_wconf 84' lang='lat' dir='ltr'><strong>saciat</strong></span> <span class='ocrx_word' id='word_1_260' title='bbox 1063 3755 1110 3818; x_wconf 71' lang='grc' dir='ltr'><strong>θ’,</strong></span> <span class='ocrx_word' id='word_1_261' title='bbox 1128 3753 1252 3809; x_wconf 87' lang='lat' dir='ltr'><strong>hortatur</strong></span> <span class='ocrx_word' id='word_1_262' title='bbox 1274 3754 1343 3823; x_wconf 83' lang='lat' dir='ltr'><strong>O²o;</strong></span> <span class='ocrx_word' id='word_1_263' title='bbox 1364 3755 1401 3820; x_wconf 80' lang='lat' dir='ltr'><strong>os.</strong></span> <span class='ocrx_word' id='word_1_264' title='bbox 1423 3755 1506 3826; x_wconf 72' lang='lat' dir='ltr'><strong>oppa</strong></span> <span class='ocrx_word' id='word_1_265' title='bbox 1522 3771 1552 3824; x_wconf 79' lang='lat' dir='ltr'><strong>p.</strong></span> 
     </span>
     <span class='ocr_line' id='line_1_33' title="bbox 413 3839 1554 3910; baseline 0.002 -18"><span class='ocrx_word' id='word_1_266' title='bbox 413 3841 526 3904; x_wconf 81' lang='lat'><strong><em>755,15</em></strong></span> <span class='ocrx_word' id='word_1_267' title='bbox 600 3841 668 3894; x_wconf 89' lang='lat' dir='ltr'><strong>8ut</strong></span> <span class='ocrx_word' id='word_1_268' title='bbox 685 3855 720 3894; x_wconf 72' lang='lat' dir='ltr'><strong>cx</strong></span> <span class='ocrx_word' id='word_1_269' title='bbox 738 3840 806 3896; x_wconf 88' lang='lat' dir='ltr'><strong>etG</strong></span> <span class='ocrx_word' id='word_1_270' title='bbox 879 3840 942 3894; x_wconf 83' lang='lat' dir='ltr'><strong>iliu</strong></span> <span class='ocrx_word' id='word_1_271' title='bbox 961 3854 1013 3908; x_wconf 88' lang='lat' dir='ltr'><strong>quo</strong></span> <span class='ocrx_word' id='word_1_272' title='bbox 1031 3839 1060 3906; x_wconf 80' lang='lat'><strong>0,</strong></span> <span class='ocrx_word' id='word_1_273' title='bbox 1079 3839 1183 3908; x_wconf 85' lang='lat' dir='ltr'><strong>quode</strong></span> <span class='ocrx_word' id='word_1_274' title='bbox 1262 3839 1296 3894; x_wconf 91' lang='lat' dir='ltr'><strong>de</strong></span> <span class='ocrx_word' id='word_1_275' title='bbox 1313 3857 1364 3895; x_wconf 79' lang='lat' dir='ltr'><strong>oia.</strong></span> <span class='ocrx_word' id='word_1_276' title='bbox 1386 3840 1410 3896; x_wconf 84' lang='lat'><em>0</em></span> <span class='ocrx_word' id='word_1_277' title='bbox 1476 3841 1554 3910; x_wconf 84' lang='lat' dir='ltr'><strong>quasi</strong></span> 
     </span>
     <span class='ocr_line' id='line_1_34' title="bbox 414 3923 1521 3994; baseline 0.001 -15"><span class='ocrx_word' id='word_1_278' title='bbox 414 3924 444 3988; x_wconf 83' lang='lat'><strong>0,</strong></span> <span class='ocrx_word' id='word_1_279' title='bbox 461 3926 636 3994; x_wconf 87' lang='lat' dir='ltr'><strong>tamquamo</strong></span> <span class='ocrx_word' id='word_1_280' title='bbox 715 3923 949 3979; x_wconf 83' lang='lat' dir='ltr'><strong>malefacientibus</strong></span> <span class='ocrx_word' id='word_1_281' title='bbox 971 3924 1000 3989; x_wconf 82' lang='lat'><strong>0,</strong></span> <span class='ocrx_word' id='word_1_282' title='bbox 1019 3923 1236 3980; x_wconf 82' lang='lat' dir='ltr'><strong>malefactoribus</strong></span> <span class='ocrx_word' id='word_1_283' title='bbox 1253 3942 1270 3980; x_wconf 89' lang='lat' dir='ltr'><strong>o</strong></span> <span class='ocrx_word' id='word_1_284' title='bbox 1356 3925 1391 3980; x_wconf 91' lang='grc'><strong>10</strong></span> <span class='ocrx_word' id='word_1_285' title='bbox 1408 3924 1521 3980; x_wconf 85' lang='lat' dir='ltr'><strong>deame</strong></span> 
     </span>
     <span class='ocr_line' id='line_1_35' title="bbox 413 4008 1554 4079; baseline 0.004 -17"><span class='ocrx_word' id='word_1_286' title='bbox 413 4010 448 4062; x_wconf 91' lang='grc'><strong>15</strong></span> <span class='ocrx_word' id='word_1_287' title='bbox 463 4011 571 4064; x_wconf 86' lang='lat' dir='ltr'><strong>ruinam</strong></span> <span class='ocrx_word' id='word_1_288' title='bbox 594 4010 626 4064; x_wconf 84' lang='lat'><strong>0¹</strong></span> <span class='ocrx_word' id='word_1_289' title='bbox 707 4010 754 4078; x_wconf 87' lang='lat' dir='ltr'><strong>qui</strong></span> <span class='ocrx_word' id='word_1_290' title='bbox 776 4010 798 4066; x_wconf 85' lang='lat' dir='ltr'>O</span> <span class='ocrx_word' id='word_1_291' title='bbox 815 4025 884 4064; x_wconf 80' lang='lat' dir='ltr'><strong>corr.</strong></span> <span class='ocrx_word' id='word_1_292' title='bbox 974 4011 1007 4063; x_wconf 83' lang='lat'><strong>16</strong></span> <span class='ocrx_word' id='word_1_293' title='bbox 1025 4008 1167 4064; x_wconf 84' lang='lat' dir='ltr'><strong>delicatius</strong></span> <span class='ocrx_word' id='word_1_294' title='bbox 1183 4009 1351 4079; x_wconf 82' lang='lat' dir='ltr'><strong>triumphare</strong></span> <span class='ocrx_word' id='word_1_295' title='bbox 1373 4011 1404 4075; x_wconf 83' lang='lat'><strong>0,</strong></span> <span class='ocrx_word' id='word_1_296' title='bbox 1421 4009 1554 4066; x_wconf 80' lang='lat' dir='ltr'><strong>delicatus</strong></span> 
     </span>
     <span class='ocr_line' id='line_1_36' title="bbox 412 4095 1554 4166; baseline 0.001 -15"><span class='ocrx_word' id='word_1_297' title='bbox 412 4095 568 4165; x_wconf 84' lang='lat' dir='ltr'><strong>triumphus</strong></span> <span class='ocrx_word' id='word_1_298' title='bbox 584 4111 601 4150; x_wconf 91' lang='lat' dir='ltr'><strong>o</strong></span> <span class='ocrx_word' id='word_1_299' title='bbox 688 4098 722 4151; x_wconf 84' lang='lat'><strong>18</strong></span> <span class='ocrx_word' id='word_1_300' title='bbox 739 4097 875 4166; x_wconf 77' lang='lat' dir='ltr'><strong>integram</strong></span> <span class='ocrx_word' id='word_1_301' title='bbox 894 4097 1062 4166; x_wconf 76' lang='lat' dir='ltr'><strong>sponsionem</strong></span> <span class='ocrx_word' id='word_1_302' title='bbox 1080 4115 1098 4153; x_wconf 85' lang='lat' dir='ltr'><strong>o</strong></span> <span class='ocrx_word' id='word_1_303' title='bbox 1176 4098 1209 4152; x_wconf 87' lang='grc'><strong>19</strong></span> <span class='ocrx_word' id='word_1_304' title='bbox 1226 4113 1312 4151; x_wconf 83' lang='lat' dir='ltr'><strong>uanus</strong></span> <span class='ocrx_word' id='word_1_305' title='bbox 1330 4097 1360 4163; x_wconf 81' lang='lat'><strong>0,</strong></span> <span class='ocrx_word' id='word_1_306' title='bbox 1379 4113 1448 4152; x_wconf 87' lang='lat' dir='ltr'><strong>uuus</strong></span> <span class='ocrx_word' id='word_1_307' title='bbox 1466 4097 1554 4152; x_wconf 72' lang='lat' dir='ltr'><strong>Drue-</strong></span> 
     </span>
     <span class='ocr_line' id='line_1_37' title="bbox 412 4181 1554 4252; baseline 0.001 -17"><span class='ocrx_word' id='word_1_308' title='bbox 412 4197 472 4236; x_wconf 82' lang='lat' dir='ltr'><strong>mae</strong></span> <span class='ocrx_word' id='word_1_309' title='bbox 540 4182 576 4236; x_wconf 78' lang='lat' dir='ltr'><strong>ab</strong></span> <span class='ocrx_word' id='word_1_310' title='bbox 593 4183 769 4236; x_wconf 82' lang='lat' dir='ltr'><strong>munerantur</strong></span> <span class='ocrx_word' id='word_1_311' title='bbox 789 4184 821 4236; x_wconf 72' lang='grc' dir='ltr'><strong>θ’</strong></span> <span class='ocrx_word' id='word_1_312' title='bbox 898 4181 932 4235; x_wconf 83' lang='lat'><strong>21</strong></span> <span class='ocrx_word' id='word_1_313' title='bbox 951 4183 1028 4250; x_wconf 83' lang='lat' dir='ltr'><strong>purte</strong></span> <span class='ocrx_word' id='word_1_314' title='bbox 1050 4182 1079 4246; x_wconf 85' lang='grc'><strong>0,</strong></span> <span class='ocrx_word' id='word_1_315' title='bbox 1097 4185 1216 4252; x_wconf 80' lang='lat' dir='ltr'><strong>ternpore</strong></span> <span class='ocrx_word' id='word_1_316' title='bbox 1233 4183 1371 4238; x_wconf 79' lang='lat' dir='ltr'><strong>Erasmus</strong></span> <span class='ocrx_word' id='word_1_317' title='bbox 1454 4183 1490 4237; x_wconf 74' lang='grc'><strong>21</strong></span> <span class='ocrx_word' id='word_1_318' title='bbox 1507 4183 1554 4238; x_wconf 87' lang='lat' dir='ltr'><strong>ab·</strong></span> 
     </span>
     <span class='ocr_line' id='line_1_38' title="bbox 412 4267 1197 4335; baseline 0.003 -15"><span class='ocrx_word' id='word_1_319' title='bbox 412 4267 523 4321; x_wconf 75' lang='lat' dir='ltr'><strong>edeam</strong></span> <span class='ocrx_word' id='word_1_320' title='bbox 542 4283 559 4322; x_wconf 86' lang='lat' dir='ltr'><strong>o</strong></span> <span class='ocrx_word' id='word_1_321' title='bbox 661 4267 694 4320; x_wconf 77' lang='lat' dir='ltr'><strong>ai</strong></span> <span class='ocrx_word' id='word_1_322' title='bbox 714 4269 742 4321; x_wconf 91' lang='lat' dir='ltr'><strong>et</strong></span> <span class='ocrx_word' id='word_1_323' title='bbox 759 4267 871 4335; x_wconf 81' lang='lat' dir='ltr'><strong>spiritua</strong></span> <span class='ocrx_word' id='word_1_324' title='bbox 893 4267 923 4332; x_wconf 80' lang='lat'><strong>0,</strong></span> <span class='ocrx_word' id='word_1_325' title='bbox 941 4267 1052 4335; x_wconf 86' lang='lat' dir='ltr'><strong>spiritus</strong></span> <span class='ocrx_word' id='word_1_326' title='bbox 1070 4271 1160 4322; x_wconf 85' lang='lat' dir='ltr'><strong>autern</strong></span> <span class='ocrx_word' id='word_1_327' title='bbox 1180 4285 1197 4322; x_wconf 87' lang='lat' dir='ltr'><strong>e</strong></span> 
     </span>
    </p>
   </div>
   <div class='ocr_carea' id='block_1_6' title="bbox 0 0 2017 5054">
    <p class='ocr_par' dir='ltr' id='par_1_6' title="bbox 0 0 2017 5054">
     <span class='ocr_line' id='line_1_39' title="bbox 0 0 2017 5054; baseline 0 0"><span class='ocrx_word' id='word_1_328' title='bbox 0 0 2017 5054; x_wconf 95' lang='lat' dir='ltr'><strong> </strong></span> 
     </span>
    </p>
   </div>
  </div>
 </body>
</html>
