4016 5054
467 389 530 454 134
938 363 1131 452 Appendir„¹

465 557 713 617 qnaeoumqne
735 539 854 602 uultis
876 539 948 600 illa
974 537 1139 600 laniatis.
1161 537 1250 600 babes
1276 556 1352 599 nuno
1375 555 1488 598 earnem
1514 539 1594 598 tuam

468 661 553 718 quem
567 659 687 718 superes
701 657 828 717 semper:
859 641 930 717 quid
955 640 1010 700 tibi
1025 639 1071 700 uie
1097 639 1219 700 alteram
1242 641 1289 700 uel
1303 639 1479 700 nonduoerel
1510 655 1594 699 nemo

465 763 551 821 super
564 763 650 806 unam
670 745 780 806 labrem
799 745 879 820 eupit
901 743 1038 806 adhibere
1058 743 1199 818 peiorem,
1228 758 1265 803 ne
1279 741 1401 818 inoipiat
1414 741 1595 804 hemitritaeo

466 846 621 908 insanabili
634 846 781 921 laborare,
807 847 854 907 oui
868 845 967 906 nullus
981 845 1077 906 emeat
1090 845 1218 906 medians
1244 844 1405 906 subuenire.
1431 861 1523 920 neque
1537 843 1593 904 ali-

465 949 530 1023 quis
543 965 630 1022 snper
645 966 717 1010 onus
731 947 878 1024 proprium
904 947 983 1007 tollit
996 947 1113 1021 insuper
1127 945 1262 1020 ebenum,
1283 963 1320 1006 ne
1334 947 1468 1007 oneribus
1483 947 1613 1008 duobusr

463 1067 616 1126 oppressus
629 1067 720 1125 usque
735 1051 773 1110 ed
787 1049 896 1111 inieros
910 1049 1102 1124 demergatur.
1124 1050 1199 1110 unde
1224 1048 1267 1108 sio
1279 1047 1440 1110 Hieremiae
1454 1049 1593 1125 prophete

464 1154 547 1214 dooet
561 1153 726 1214 ιιιιιιιιιιιι
740 1152 852 1229 pondus
866 1151 1052 1226 singulariter
1067 1150 1274 1212 sustinendum.
1302 1151 1430 1212 bouum
1451 1153 1527 1226 est,
1549 1150 1594 1212 iu·

465 1255 542 1334 quit,
564 1255 645 1316 niro
660 1273 736 1316 oum
750 1253 964 1331 portauerit
978 1255 1102 1329 iugum
1117 1270 1232 1330 grane
1246 1253 1282 1314 in
1304 1253 1498 1315 iuuentute
1513 1271 1592 1316 sua:

462 1356 611 1418 sedebit
632 1357 883 1432 singulariter
904 1360 939 1418 et
963 1356 1112 1430 silebit,
1135 1357 1305 1430 quoniam
1326 1357 1541 1432 tulitsuper
1555 1370 1593 1415 ee

465 1459 587 1534 iugum
609 1475 730 1536 graue.
1603 1473 1629 1514 ιι

417 1565 459 1623 10
511 1562 566 1621 sed
579 1561 731 1637 quisquam
746 1561 891 1636 malignos
905 1561 1057 1622 obseoutor
1082 1563 1119 1620 ad
1134 1560 1242 1622 dietum
1257 1561 1380 1636 apostoli
1394 1561 1479 1621 Pauli
1492 1560 1592 1622 ooulu-

463 1661 525 1736 giat
554 1662 666 1722 disens:
701 1679 814 1723 onera
835 1666 966 1722 uestra
986 1663 1176 1722 sustinete
1196 1661 1366 1736 inuisam,
1401 1666 1437 1723 et
1457 1661 1511 1720 sio
1532 1662 1592 1721 im-

462 1763 623 1837 plebitis
644 1763 761 1838 legem
783 1763 938 1823 Christi.
961 1765 1102 1824 nonbaeo
1117 1766 1284 1824 santonera
1304 1779 1376 1837 quae
1391 1763 1499 1823 Paulus
1521 1779 1592 1836 apo·

464 1865 557 1926 stolus
571 1865 694 1940 imperat
707 1865 906 1938 reprehende,
932 1866 983 1924 sed
999 1867 1032 1925 ut
1056 1864 1211 1925 tolerantes
1231 1865 1435 1940 nosmetipsos
1450 1864 1593 1925 discordia

464 1967 545 2027 nulla
559 1967 703 2027 disoeruat
717 1971 748 2026 et
762 1969 793 2026 iu
808 1967 1045 2042 temptationibus
1058 1967 1223 2026 eonstituiis
1243 1967 1381 2027 fratribus
1395 1969 1495 2026 mutua
1507 1981 1591 2041 prae·
1603 1984 1628 2024 ιι

467 2068 585 2128 ιιιιιιιιι
600 2069 718 2141 auxius,
733 2085 790 2129 non
803 2071 838 2128 ut
852 2067 908 2143 ipsi
922 2069 1006 2130 nobis
1020 2071 1225 2143 temptamenta
1245 2085 1297 2142 por
1316 2067 1435 2128 laminas
1455 2082 1591 2142 procure-

463 2187 544 2243 mus,
573 2171 623 2230 sed
637 2174 671 2229 ut
685 2172 956 2244 temptamentorum
970 2172 1064 2245 magis
1077 2171 1203 2245 pondera
1217 2170 1412 2230 subleoemns:
1438 2187 1503 2230 oum
1517 2167 1592 2228 soiat

465 2271 549 2345 quale
565 2270 604 2331 ιιι
619 2272 785 2332 mutitatis
800 2271 899 2345 iugum
921 2272 997 2345 quod
1011 2272 1060 2331 uix
1074 2273 1221 2346 singulam
1245 2273 1383 2346 portetur.
1414 2271 1448 2331 de
1464 2287 1518 2346 quo
1533 2287 1590 2330 non

462 2372 555 2432 solum
569 2373 631 2446 ipse
645 2375 696 2433 sed
711 2376 741 2434 et
752 2373 890 2434 Dominus
904 2373 998 2432 noluit
1011 2376 1120 2433 eertum
1132 2371 1249 2432 definire
1263 2374 1461 2447 praesepium,
1477 2371 1591 2432 dioens:

462 2490 529 2533 nou
552 2490 674 2533 omues
690 2474 842 2547 eupiunt
856 2475 1003 2533 uerbum
1019 2474 1137 2549 istud,
1160 2475 1223 2534 sed
1238 2474 1373 2548 quibus
1388 2475 1509 2533 datum
1523 2477 1627 2535 estro

465 2575 626 2635 etiterum:
650 2575 711 2649 qui
733 2579 860 2649 potest
881 2591 1011 2649 oapere
1034 2575 1171 2648 sapiat.
1194 2576 1220 2635 si
1245 2593 1312 2650 ergo
1329 2575 1444 2636 difficile
1459 2575 1589 2650 siugula-

463 2677 534 2736 riter
548 2677 716 2752 magnitudo
730 2678 815 2738 istius
830 2679 964 2752 ponderis
980 2678 1131 2752 toleretur,
1147 2680 1285 2754 quomodo
1297 2677 1482 2752 tolerabitur,
1498 2677 1523 2738 si
1538 2693 1590 2753 ge·

463 2777 580 2837 minutis
595 2779 769 2853 ponderibus
782 2783 1010 2854 praegrauetur?
1035 2783 1065 2839 ιι
1090 2781 1115 2840 ιι
1131 2780 1292 2854 singulares
1318 2796 1407 2854 paene
1431 2795 1528 2840 omnes
1543 2779 1592 2839 uix

462 2881 567 2940 durant
582 2882 712 2940 earneles
726 2879 846 2940 iusidias
861 2883 1013 2956 sustinere,
1029 2883 1099 2958 quid
1114 2882 1224 2942 leniunt
1238 2880 1284 2941 illi
1298 2881 1348 2955 qui
1363 2897 1398 2940 ex
1412 2884 1532 2954 utroqne
1546 2881 1590 2940 le-

461 2982 523 3040 tere
537 2981 643 3055 gladiis
657 2983 887 3056 impendentibus
910 3000 967 3043 uon
981 2987 1150 3044 annotantur
1164 2983 1346 3044 incumbere?
1379 2982 1447 3056 plus
1462 2983 1534 3042 dioo.
1564 2981 1591 3041 si
1601 3003 1627 3043 ιι

461 3081 558 3141 meriti
573 3083 603 3142 ιι
617 3099 719 3143 uxores
745 3084 887 3144 desideria
901 3085 1064 3158 oouiugelia
1084 3087 1187 3146 eotidie
1208 3087 1341 3160 gerentes
1355 3101 1412 3146 non
1437 3084 1494 3144 sibi
1508 3083 1590 3143 sulii·

460 3181 550 3256 ιιιιιιι,
577 3184 646 3258 quid
672 3188 764 3260 agunt
778 3187 823 3245 illi
838 3187 888 3260 qui
902 3187 940 3244 ad
953 3189 1100 3260 augendas
1114 3188 1333 3262 inpugnationes
1347 3187 1462 3247 leminis
1477 3186 1591 3248 sosian-

461 3285 530 3344 turl
546 3301 581 3344 ex
602 3286 747 3361 inprouiso
760 3288 808 3348 uel
823 3290 1007 3348 transeunter
1021 3289 1057 3348 ed
1074 3291 1170 3349 horem
1187 3289 1327 3349 femineus
1341 3291 1476 3363 aspertus
1491 3304 1589 3348 ooeur·

459 3404 526 3446 rene
539 3387 618 3448 uelut
632 3389 757 3464 sagittas
771 3389 873 3451 alienis
889 3390 979 3451 oeulis
993 3389 1093 3450 iactat.
1109 3392 1221 3464 quando
1233 3391 1323 3451 libere
1336 3407 1393 3450 non
1408 3393 1452 3452 est
1468 3389 1590 3465 simplex

529 3655 660 3710 umen
679 3657 705 3722 e,
722 3657 764 3709 ιι.
870 3657 905 3711 re
923 3655 983 3712 oni
1004 3661 1029 3722 o,
1046 3657 1072 3714 a.
1176 3657 1326 3712 ιοιιιιιι.
1346 3658 1388 3724 19,
1407 3658 1449 3712 11.

529 3910 547 3962 2
564 3910 617 3981 uel]
636 3909 706 3966 uelle
727 3911 751 3966 O
860 3911 878 3965 3
896 3911 1032 3966 emitriteo
1050 3911 1074 3966 0
1185 3911 1203 3965 4
1221 3911 1312 3965 labore
1334 3911 1368 3966 0¹
1477 3912 1495 3966 b
1513 3927 1592 3981 snper

463 3997 522 4049 Oe.
540 3995 558 4048 l.
576 3998 650 4050 ιιι
743 3996 841 4050 duero
864 3996 898 4052 0¹
992 3997 1025 4051 11
1043 3995 1184 4065 confugiet
1200 3993 1349 4050 dicentiso
1445 3997 1478 4051 15
1495 3999 1591 4052 mutua

460 4093 546 4136 mm
619 4079 889 4150 misprenderem
907 4097 957 4138 om.
978 4083 1001 4138 C
1073 4083 1097 4136 si
1118 4085 1174 4136 Ue.
1194 4081 1212 4136 ι.
1230 4084 1300 4134 m.2
1373 4081 1408 4136 26
1426 4081 1516 4138 uxoris
1535 4081 1559 4139 0

461 4163 516 4218 eibi
533 4179 620 4219 nouo
730 4167 764 4221 27
782 4167 913 4238 iugendas
934 4169 958 4224 0
1068 4167 1102 4220 28
1119 4166 1267 4236 improuiso
1288 4165 1312 4223 0
1412 4166 1594 4223 mutereo

457 4249 517 4304 aed.
534 4265 580 4304 era
595 4266 618 4305 e.
636 4252 654 4307 t
671 4268 707 4308 m.
725 4255 744 4309 2
848 4253 960 4322 simplex
976 4269 1012 4309 ea
1029 4252 1161 4324 supplicia
1179 4253 1251 4308 Gna
1269 4255 1288 4306 2
