4000 5066
911 449 1075 504 Carmina

612 605 797 678 Herodesque
811 605 877 675 mai,
892 605 988 666 uarios
1005 607 1149 682 decerpite
1164 608 1285 680 tructus,

614 706 689 777 Quos
704 724 820 767 nemora
834 711 864 767 et
878 709 979 782 pingui
993 711 1118 769 reddunt
1132 712 1167 770 de
1182 713 1290 786 cespite
1308 713 1411 787 campi.

550 810 592 868 50
657 810 737 871 Haec
752 811 802 869 ubi
817 811 965 884 disseruit,
981 811 1060 873 laets
1073 814 1224 887 paradisus
1239 815 1269 874 iu
1285 815 1353 874 aula

614 913 772 972 instruitur
787 914 928 988 primique
945 920 1076 990 aspectat
1090 917 1200 976 lumine
1214 918 1295 976 solis.

615 1015 752 1090 (liquitur
765 1018 838 1077 haec
852 1017 929 1078 iuter
944 1019 1037 1092 pomis
1051 1019 1191 1080 letalibus
1207 1020 1301 1092 arbos,

615 1117 803 1178 Couiurmtum
818 1136 961 1194 generans
976 1122 1054 1181 uitae
1068 1123 1224 1196 mortisque
1241 1141 1381 1197 saporem.

615 1219 743 1280 Aedibus
759 1221 788 1280 in
801 1222 903 1282 mediis
918 1239 989 1296 puro
1005 1223 1069 1282 lluit
1083 1225 1198 1298 agruim
1212 1226 1328 1296 flumen,

552 1323 592 1380 55
615 1321 698 1392 Quod
712 1324 790 1396 riget
805 1324 934 1398 insignes
950 1325 1070 1400 liquidis
1085 1328 1121 1385 de
1136 1326 1272 1387 fluofibus
1286 1331 1367 1386 ortus

615 1426 850 1502 Quadrilidosquo
865 1432 944 1488 secat
959 1429 1088 1487 undante
1102 1445 1138 1488 er
1151 1429 1233 1490 locta
1247 1434 1368 1489 meatus.

613 1527 700 1588 Fison
715 1529 849 1588 auriferis
863 1531 1014 1603 praedices
1028 1531 1149 1590 fluctuat
1163 1531 1249 1590 undis

615 1629 843 1706 Conspicuasque
858 1633 928 1692 terit
944 1649 1028 1692 rauco
1042 1633 1078 1692 do
1092 1633 1207 1708 gurgite
1222 1649 1367 1707 gemmas:

615 1731 754 1790 Prasinus
769 1733 837 1792 huic
852 1749 967 1806 nomeu,
980 1734 1027 1793 illi
1042 1738 1088 1792 est
1102 1735 1293 1794 carbunculus
1307 1735 1421 1806 ardeus,

551 1835 592 1892 60
614 1835 843 1909 Perspicuusque
857 1837 940 1896 uadis
955 1839 1061 1895 terrem
1076 1837 1250 1910 praelambit
1264 1836 1373 1896 liuilat

614 1937 685 1998 Post
700 1938 776 1998 huuc
790 1938 950 2013 Aethiopas
965 1937 1060 1999 somn
1074 1940 1211 2012 adlapsus
1227 1940 1345 2014 opimat.

615 2039 731 2099 Tertius
745 2045 791 2100 est
805 2041 912 2115 Tigris,
934 2041 1049 2100 Eutrati
1063 2041 1217 2101 adiunctus
1232 2059 1362 2113 amoeno,

615 2142 765 2217 Assyriam
779 2140 866 2202 celeri
882 2143 1030 2202 discretim
1043 2144 1161 2202 flumine
1177 2141 1304 2202 sulceus.

615 2244 673 2304 Hic
688 2244 800 2318 positus
816 2248 911 2306 custos
927 2246 1056 2305 Adamas
1071 2263 1135 2305 cum
1151 2246 1271 2319 coniuge
1286 2243 1345 2304 lida

555 2345 595 2404 65
617 2347 714 2418 Atque
729 2346 824 2420 opifex
839 2346 895 2405 tali
908 2346 1048 2406 formatur
1062 2363 1132 2407 uoce
1147 2346 1292 2406 meantisr

619 2447 665 2507 lle
680 2447 822 2522 trepidate
837 2446 924 2508 simul
939 2447 1036 2508 licitos
1049 2462 1237 2522 praecerpere
1254 2446 1377 2518 fructus,

619 2549 695 2618 Quor
709 2565 809 2609 nemus
824 2550 970 2609 intonsum
984 2567 1063 2609 ramo
1078 2550 1229 2610 frondente
1244 2548 1364 2619 creauit,

616 2650 739 2710 Solliciti
755 2667 790 2710 ue
806 2651 882 2712 forta
897 2650 1004 2710 malum
1020 2652 1121 2712 noxale
1136 2651 1251 2725 legatis,

619 2752 699 2823 Quod
715 2753 791 2812 ciret
806 2771 840 2813 ex
855 2756 969 2828 gemino
984 2755 1109 2813 discreta
1122 2755 1159 2812 ad
1174 2755 1272 2812 munia
1288 2769 1366 2813 suco.

557 2855 599 2912 70
621 2855 682 2913 Nec
696 2855 791 2914 miuus
806 2856 916 2916 interea
931 2871 1030 2915 caecos
1044 2873 1100 2915 uox
1114 2856 1175 2914 alte
1190 2855 1307 2915 tenebat

620 2956 663 3016 Ac
679 2957 761 3016 modo
776 2957 914 3017 formatos
930 2958 1019 3016 rrestis
1034 2973 1087 3016 uec
1102 2961 1213 3016 texerat
1228 2959 1321 3016 artus.

665 3058 727 3117 llas
741 3059 817 3118 inter
831 3061 913 3118 sodes
928 3060 957 3116 et
971 3059 1068 3118 baccis
1082 3057 1201 3117 mitibus
1216 3059 1307 3129 ortus,

620 3161 760 3234 Spumeus
774 3165 871 3222 astuto
886 3161 1006 3221 uirroeus
1021 3161 1270 3233 animaduersa,

620 3263 759 3336 Serpebat
773 3265 862 3323 tacite
878 3265 966 3337 spiris
980 3264 1153 3336 frigentibus
1169 3263 1282 3336 anquis,

559 3366 600 3424 75
622 3365 727 3426 Liuida
741 3366 867 3426 mordaci
882 3368 1003 3426 uoluens
1018 3365 1169 3426 mendacia
1183 3381 1282 3438 sensu,

620 3468 753 3529 Femineo
769 3471 892 3543 temptet
903 3469 957 3528 sub
971 3472 1087 3544 pectore
1103 3469 1202 3530 mollis
1216 3468 1318 3530 corda:

620 3570 675 3629 Dio
689 3571 760 3629 mihi
776 3587 827 3629 eur
842 3574 955 3630 metuas
968 3571 1066 3630 lolicia
1080 3571 1210 3645 germina
1225 3569 1316 3630 mslil

623 3673 771 3746 Numquid
782 3689 867 3746 poma
881 3673 960 3734 Deus
975 3691 1031 3734 uon
1047 3675 1142 3734 omnis
1156 3676 1226 3734 uota
1236 3671 1385 3732 sacrauit?

620 3774 645 3832 ll
660 3774 726 3848 quis
741 3775 767 3833 si
782 3775 900 3835 studeas
915 3774 1042 3835 mellitos
1057 3791 1173 3849 carpere
1189 3776 1295 3844 uictus,

501 4075 537 4130 se
555 4061 634 4130 aaut
652 4074 680 4129 a
697 4073 822 4141 (recreo
840 4076 899 4130 aas
916 4077 1083 4144 scriptarum
1094 4077 1167 4142 oco
1177 4077 1300 4145 pertua
1314 4075 1390 4142 aar.)
1460 4074 1495 4128 aa
1506 4073 1568 4128 uor-

432 4162 478 4215 tos
495 4163 563 4228 sort.
667 4161 701 4216 57
721 4159 797 4230 fyson
815 4161 843 4215 R
945 4163 980 4216 59
997 4149 1121 4230 prasinus
1138 4163 1166 4217 R
1269 4161 1305 4216 60
1321 4161 1420 4214 cuilaru
1440 4160 1476 4222 R,
1494 4159 1569 4213 haui-

433 4245 531 4301 letho
653 4247 686 4302 61
705 4247 828 4316 etbicpas
846 4263 915 4316 qcou
934 4247 970 4307 R.
987 4247 1059 4304 aeth.
1078 4247 1161 4316 gibau
1180 4265 1196 4302 o
1323 4248 1357 4301 62
1375 4245 1500 4314 euphrati
1518 4262 1535 4299 o

433 4332 593 4404 repertore
611 4333 639 4388 R
