4014 5056
410 421 476 470 vm

409 557 628 642 postposuisse,
658 577 714 624 nec
741 576 814 642 pag.
840 557 958 636 33428
982 557 1179 642 ptunpebitis
1208 557 1434 641 repudiandum
1459 559 1538 636 erat

410 666 491 750 quod
513 669 549 733 ut
570 685 607 734 ex
629 667 770 750 proximo
787 667 959 750 plorabitis
983 671 1111 735 enatum
1133 670 1176 735 sit
1198 687 1320 748 naraon
1345 688 1420 735 nam
1444 667 1539 734 codex

410 771 619 862 Snu'gellensis
642 777 697 861 qui
721 777 845 861 saepius
868 797 941 844 cum
956 777 1154 864 Ssguieriano
1176 777 1253 846 facit
1273 797 1345 864 pag.
1366 778 1485 857 299,26
1506 777 1541 844 id

410 885 582 954 confirmat.
606 886 759 972 Cypriane
785 887 846 970 ipsi
872 888 1006 954 formam
1031 888 1225 954 morobaeus
1250 907 1321 973 pag.
1343 887 1463 967 435‚15
1488 887 1540 954 in·

410 997 533 1064 culcare
558 998 655 1078 nolui,
682 1016 762 1081 quae
787 998 941 1080 quomodo
967 999 1134 1081 inrepserit
1159 997 1431 1064 Laureshemensie
1457 997 1539 1064 liber

410 1105 525 1173 edocet.
548 1144 590 1156 -
611 1127 683 1194 pag.
705 1107 824 1188 290‚15
850 1109 932 1192 quod
954 1107 975 1176 0
1001 1108 1126 1175 exhibet
1150 1107 1263 1174 mereri
1286 1107 1380 1174 mm
1404 1105 1537 1190 recepis-

322 1224 326 1232 '
390 1223 486 1296 sem,
508 1218 570 1284 nisi
592 1219 697 1285 nmile
720 1219 898 1302 exemplum
920 1219 1003 1301 quod
1026 1220 1074 1284 est
1097 1237 1169 1304 pag.
1193 1218 1310 1298 37623
1332 1237 1384 1284 me
1406 1217 1541 1303 ingeret,

410 1344 542 1410 quorum
569 1328 634 1395 iam
659 1329 794 1396 alterum
823 1330 922 1395 altero
950 1327 1137 1394 defenditur.
1167 1329 1202 1394 in
1226 1328 1354 1411 reliquis
1383 1327 1542 1395 codicibus

410 1438 513 1503 exstat
532 1439 735 1504 tritissimum
756 1439 839 1504 illud
853 1437 1000 1521 Cypriani
1015 1439 1191 1518 prorsam·
1204 1437 1258 1522 (cf.
1273 1438 1407 1516 223,26;
1428 1436 1541 1514 aas&

409 1546 542 1625 260,13;
563 1547 847 1626 271‚22;290‚15;
863 1547 976 1630 294,1;
992 1548 1104 1627 303‚5;
1116 1547 1248 1628 382,10;
1261 1547 1395 1628 384‚16;
1407 1545 1543 1626 385‚15;

409 1659 545 1736 304,20;
567 1659 711 1742 41018).
734 1695 774 1706 -
795 1677 867 1743 pag.
889 1659 1007 1737 38227
1031 1659 1158 1725 uidetur
1179 1659 1326 1741 explicari
1347 1675 1438 1742 posse
1459 1656 1542 1739 quod
1641 1671 1645 1678 ·

409 1770 444 1834 in
469 1769 491 1835 S
516 1769 618 1836 metat
642 1773 679 1835 ct
704 1769 794 1835 erodis
822 1770 941 1834 etnicos
965 1768 1004 1834 dc
1028 1770 1228 1835 terreordos
1255 1769 1354 1835 bero
1373 1767 1545 1849 proprio

409 1879 568 1946 ratione
586 1881 769 1963 femmae.
792 1879 937 1945 uillicum
957 1879 1042 1947 enim
1062 1881 1096 1946 in
1116 1879 1277 1964 euangelio
1292 1880 1366 1945 Luc.
1385 1878 1454 1958 16,1
1474 1895 1546 1961 sqq,

409 1989 538 2073 respicit
560 1991 615 2072 qui
638 1989 758 2056 domini
781 1989 975 2056 debitoribus
998 1989 1098 2056 debiti
1119 1991 1241 2073 partem
1262 2008 1322 2074 quo
1342 1989 1405 2054 sibi
1425 1987 1542 2054 amicos

410 2097 526 2166 iaceret
540 2098 703 2166 remissam
718 2100 808 2183 quasi
823 2099 856 2165 in
871 2117 961 2166 suam
977 2099 1039 2166 sibi
1054 2097 1266 2181 transscripsit
1280 2098 1442 2164 rationem.

454 2206 559 2274 Codici
584 2207 784 2289 Segnior-im
812 2209 916 2274 aetate
940 2208 1005 2274 fere
1030 2227 1088 2290 par
1112 2209 1161 2274 est
1186 2207 1399 2292 fragmentum
1426 2205 1541 2272 codicis

409 2308 692 2385 ‘membranaceum
722 2337 801 2384 saec.
829 2318 884 2383 VI.
911 2317 1100 2384 characteris
1128 2317 1229 2385 italici
1257 2317 1346 2384 nulla
1371 2316 1540 2383 uerborum

412 2425 612 2493 ffistinctione
632 2416 835 2510 interposita,
856 2427 939 2510 quod
959 2429 1118 2512 integrum
1133 2427 1184 2494 Dc
1197 2447 1286 2509 opere
1300 2432 1328 2492 ot
1342 2427 1543 2509 ecamensis

413 2536 558 2603 libellum
587 2540 620 2604 et
648 2537 800 2621 epistulae
829 2537 872 2603 63
900 2537 1032 2603 initium
1060 2537 1207 2603 continet
1236 2537 1447 2619 discrepantes
1476 2535 1544 2602 sius

412 2647 583 2728 scripturae
606 2647 791 2734 fragmentis
816 2647 931 2714 codicis
953 2648 1116 2714 Bebiensis
1141 2648 1181 2713 de
1205 2647 1318 2731 quibus
1342 2646 1425 2714 inira
1450 2665 1543 2732 m

412 2755 532 2842 Peyron
560 2756 624 2842 (M.
647 2755 684 2822 Τ.
708 2756 869 2824 Ciceronis
893 2757 1075 2822 orationum
1095 2758 1279 2850 frapmenta
1302 2757 1386 2823 1824
1412 2775 1442 2838 p.
1467 2755 1544 2842 163)

413 2865 555 2933 subiecit.
581 2885 659 2950 quas
684 2867 835 2950 reliquias
859 2887 932 2934 cum
959 2867 1074 2934 codicis
1096 2867 1258 2933 Bebiensis
1284 2885 1351 2933 esse
1375 2867 1544 2932 scriberem
1647 2949 1649 2952 Ι

412 2995 443 3061 p.
458 2976 522 3042 372
537 2979 570 3043 et
584 2976 665 3062 siglo
680 2977 706 3040 F
721 2977 871 3056 notarem,
892 2977 991 3044 falsus
1006 2995 1091 3042 eram
1105 2978 1138 3041 et
1152 2976 1267 3042 rectius
1282 2975 1380 3043 altero
1396 2975 1478 3061 siglo
1494 2976 1544 3041 uti

413 3085 573 3154 debebam.
595 3089 682 3154 sexto
703 3087 768 3153 iam
783 3107 819 3171 p.*
831 3085 902 3153 Chr.
916 3107 947 3153 n.
963 3089 1087 3154 saeculo
1107 3105 1262 3153 summum
1276 3085 1366 3152 illam
1381 3085 1544 3171 Cypriani·

414 3213 520 3262 corum
555 3196 695 3264 codicum
732 3198 974 3281 discrepantiam
1009 3216 1105 3281 qnam
1139 3197 1214 3263 libri
1247 3198 1349 3263 aetate
1382 3196 1546 3262 inferiores

413 3309 582 3374 ostendunt
610 3307 767 3374 exstitisse
796 3307 854 3374 hoc
883 3306 1059 3392 demente
1085 3325 1162 3373 cum
1188 3307 1291 3374 codice
1316 3307 1338 3374 S
1363 3310 1542 3390 comparato

412 3415 530 3498 optime
550 3417 728 3494 edocemur;
749 3435 822 3482 nam
843 3416 983 3483 diuersae
1002 3435 1127 3501 prorsus
1148 3416 1332 3483 recensionis
1348 3417 1462 3482 testem
1477 3433 1544 3482 esse

413 3528 446 3592 et
466 3526 637 3609 scripturae
657 3545 761 3595 seems
781 3527 965 3595 testimonia
985 3527 1039 3594 bio
1058 3527 1127 3594 illic
1147 3528 1315 3593 admodum
1335 3527 1547 3611 discrepantia

413 3635 469 3723 (cf.
484 3637 598 3716 379,6;
613 3637 725 3716 380,8;
741 3637 853 3717 381,7;
870 3636 983 3716 387,1;
999 3637 1129 3716 38813.
1146 3637 1202 3712 15;
1218 3636 1330 3714 389,1;
1345 3636 1464 3716 391,18
1479 3655 1543 3719 sq.;

412 3747 519 3824 3928.
535 3745 642 3832 lOsq.)
655 3749 687 3812 et
697 3747 846 3814 lectiones
856 3747 1023 3814 nonnullae
1033 3748 1067 3812 in
1077 3765 1114 3813 eo
1124 3747 1189 3812 solo
1201 3749 1356 3813 exstantes
1367 3746 1544 3833 (cretes

412 3857 547 3937 sturm
562 3857 669 3936 aiae.
687 3859 742 3935 12;
757 3859 870 3939 383,9;
886 3858 1019 3939 384‚19;
1036 3858 1146 3942 391,5)
1157 3857 1297 3940 probant.
1315 3857 1470 3924 uemstati
1485 3873 1547 3922 non
1662 3869 1665 3877 '

412 3969 530 4052 purast
544 3969 727 4054 integritas3
750 3988 824 4036 nam
844 3968 1015 4036 manifesta
1033 3969 1282 4052 interpolationis
1297 3968 1433 4052 uestigia
1447 3985 1544 4050 eaque

413 4096 474 4143 non
488 4097 587 4162 pauca
596 4079 678 4145 utin
689 4079 739 4146 his
754 4079 876 4166 exiguis
890 4078 1016 4146 laciniis
1031 4080 1181 4163 apparent
1195 4076 1248 4166 (ci.
1261 4078 1394 4158 374,24;
1411 4077 1545 4158 378,17;

413 4189 546 4269 381,20;
567 4189 678 4276 382,8;
694 4190 828 4272 384,25;
844 4190 979 4272 386,17;
996 4190 1121 4271 70122.
1138 4191 1198 4267 23;
1219 4189 1324 4269 7028.
1343 4189 1392 4256 13.
1410 4189 1460 4256 15.
1475 4185 1545 4274 20).
