4012 5066
456 405 497 470 92
928 366 1126 468 Appendirs

405 561 445 619 19
498 557 573 618 Puto
598 574 650 617 nos
670 557 754 631 plene
781 558 931 616 exsecutos
944 553 1185 630 praedicationem
1199 554 1344 627 baptistae
1359 553 1487 625 Ioannis,
1514 556 1590 615 uude

455 675 612 719 sermonem
639 675 737 718 snmus
759 656 863 730 exorsi,
890 657 940 732 qni
961 655 1035 716 dixit
1056 656 1248 716 adludeeos:
1272 671 1336 730 ego
1357 656 1501 730 quidem
1523 672 1587 718 uos

453 760 602 835 baptizo
622 776 716 834 aqua
735 758 772 818 in
792 758 1072 832 poenitentiam.
1095 758 1156 832 qui
1172 760 1288 818 autem
1308 760 1393 833 post
1413 774 1465 818 me
1484 757 1588 818 uenit

454 863 592 923 iortior
613 879 665 923 me
686 865 760 934 est,
781 861 890 922 ouius
912 877 977 936 ogo
998 878 1070 922 nou
1091 878 1168 921 aum
1189 859 1322 935 dignus
1344 859 1491 921 soluere
1512 877 1586 920 eor·

452 963 587 1039 rigiam
624 961 872 1024 oaloiamenti.
909 963 990 1036 ipse
1027 979 1090 1022 uos
1126 962 1337 1037 baptizabit
1373 962 1409 1020 ln
1446 961 1610 1035 spiritua

453 1067 581 1126 saneto
604 1067 640 1124 et
660 1063 748 1139 igni.
771 1062 897 1123 arbitror
916 1065 1013 1124 autem
1027 1067 1058 1123 et
1073 1063 1196 1138 apostoli
1218 1063 1334 1122 Ioannis
1358 1062 1517 1123 doctrinam
1532 1079 1587 1125 nos

451 1185 508 1228 non
523 1165 620 1242 inepte
634 1165 819 1240 disposuisse,
834 1163 885 1240 qui
899 1165 956 1225 ait:
979 1165 1064 1240 quia
1085 1168 1164 1226 tres
1186 1164 1441 1226 testimonium
1462 1166 1586 1239 perhi-

450 1269 555 1341 bent,
589 1267 751 1341 epiritus
780 1270 816 1328 at
842 1283 936 1343 aque
958 1270 994 1327 et
1016 1268 1186 1342 sangnis.
1218 1271 1253 1329 at
1279 1267 1345 1327 isti
1374 1271 1452 1328 tras
1480 1285 1586 1328 unum

450 1372 546 1429 sunt.
575 1369 633 1428 uisi
659 1369 746 1429 fallor
771 1372 869 1428 autem
894 1367 982 1428 etiam
1007 1369 1081 1428 illud
1106 1369 1321 1442 explanauimus
1346 1370 1421 1443 quod
1447 1368 1586 1430 Dominus

449 1475 548 1532 noster
572 1473 633 1532 ait:
662 1471 823 1532 Ioannes
846 1469 989 1545 quidem
1013 1470 1221 1544 baptizanti
1241 1487 1348 1546 aqua,
1379 1487 1443 1531 nos
1465 1473 1621 1532 automno

449 1571 736 1646 baptizabimini
756 1571 794 1630 in
816 1571 961 1644 spiritu
983 1574 1121 1634 saneto.
1144 1575 1292 1645 praeterea
1313 1572 1586 1633 existimonosnon

449 1673 590 1733 infirmam
619 1673 760 1734 rationem
780 1672 942 1732 reddidisse
958 1672 1170 1734 eonsuetudiuis
1184 1690 1308 1734 oausam.
1331 1675 1463 1734 tueamur
1476 1677 1583 1748 tamem

449 1773 504 1834 etsi
524 1773 680 1848 posten'ore
701 1774 763 1833 loeo
778 1773 808 1832 id
823 1773 956 1846 iaoimus,
984 1791 1019 1834 uo
1035 1773 1084 1847 qni
1099 1777 1181 1848 putet
1196 1791 1248 1834 uos
1263 1775 1346 1835 nnioo
1362 1775 1484 1834 artinulo
1498 1793 1583 1850 prae-

448 1877 559 1935 sentem
584 1874 799 1935 altercationem
827 1874 976 1936 monitare.
1011 1892 1182 1949 quamquam
1207 1876 1278 1936 haee
1298 1878 1473 1936 cousuetudo
1495 1877 1583 1936 etiam

448 1976 511 2037 sola
536 1977 652 2036 deberet
671 1978 747 2052 apud
767 1975 897 2037 hominos
922 1977 1052 2038 timorem
1065 1977 1119 2038 Dei
1133 1977 1273 2038 habentos
1289 1981 1319 2038 et
1333 1977 1456 2038 humiles
1471 1978 1581 2053 praeoi·
1593 2001 1619 2042 ue

447 2079 644 2153 puumloeum
659 2077 797 2139 obtinere.
1177 2063 1179 2068 ¹

281 2625 445 2701 i'rss'ffffirdc
461 2619 529 2710 ἐκ

271 2787 567 2876 srz
672 2883 683 2930 =.
703 2769 776 2867 vr.
809 2769 883 2868 ou
924 2769 1322 2869 rlnnluournvs,

478 2902 582 2957 ‘'sti'‘,ffib
597 2929 638 2981 'ra'

592 3011 596 3020 ,
690 2984 695 3014 Ι

417 3247 433 3303 1
486 3267 529 3301 aa
543 3254 649 3312 magna
671 3237 754 3298 nohis
774 3238 812 3297 ob
831 3238 995 3299 uniuersam
1011 3239 1221 3300 iratemitatem
1237 3257 1304 3300 eura
1318 3243 1373 3313 ast,
1388 3240 1498 3314 fideles,
1515 3260 1576 3301 ma·

443 3339 519 3400 ximo
544 3342 574 3400 et
598 3357 648 3400 roa
673 3340 850 3414 perditorum
870 3342 995 3401 omnium
1019 3342 1138 3402 audatia
1157 3342 1247 3401 idest
1267 3343 1436 3416 aleatorum,
1466 3345 1614 3407 animosae

512 3554 530 3608 2
547 3552 611 3610 Lno.
628 3553 654 3619 3,
674 3555 715 3610 16.
819 3554 837 3609 ‘l
855 3555 870 3610 1
888 3553 928 3609 lo.
946 3555 971 3618 5,
988 3556 1014 3610 8.
1119 3557 1153 3610 10
1170 3557 1228 3612 Act
1249 3559 1273 3626 1,
1290 3558 1315 3613 5.

512 3749 545 3803 16
563 3777 597 3790 -
616 3748 716 3805 Oeeeili
732 3749 859 3819 Cypriani
876 3749 969 3804 finiuit
985 3749 1018 3804 de
1034 3749 1226 3822 rebaptismate
1243 3753 1300 3808 ced.
1320 3782 1351 3794 -

511 3832 613 3904 Incipit
636 3833 670 3888 do
691 3833 855 3890 aleatoribus
878 3833 922 3898 D,
944 3834 1047 3906 Incipit
1071 3835 1188 3906 epistola
1210 3837 1337 3909 Cypriani
1360 3838 1394 3895 do
1410 3839 1575 3897 aleatoribus

441 3918 583 3986 (aleatores
608 3919 643 3988 T)
662 3919 720 3989 Qz'.
756 3947 787 3960 -·
828 3919 863 3974 19
885 3920 998 3973 initium
1020 3922 1104 3976 buius
1126 3923 1189 3976 labri
1206 3923 1320 3978 uidetur
1343 3925 1506 3980 mosam

441 4003 484 4074 ob]
504 4002 572 4058 eho
704 4003 832 4058 uniuersa
848 4004 1022 4060 fraternitate
1041 4005 1095 4077 Ql'
1229 4026 1292 4064 eura
1310 4016 1352 4066 eet
1367 4013 1476 4081 scripsi,
1495 4029 1574 4068 curae

440 4088 529 4154 Dor,
549 4104 612 4142 onra
628 4106 645 4145 a
793 4088 885 4144 fideles
901 4092 1009 4160 scripsi,
1026 4092 1114 4148 fidelis
1130 4094 1218 4166 Dpz',
1237 4097 1365 4152 sueoemit
1381 4115 1411 4160 o;
1428 4097 1465 4164 os.
1480 4116 1511 4166 p.
1529 4105 1574 4165 96,

440 4175 489 4236 21,·
506 4190 538 4242 p.
557 4177 655 4238 97,10
830 4175 866 4230 20
883 4175 920 4244 et]
943 4191 1010 4232 aro
1164 4179 1294 4252 omnium]
1313 4181 1454 4236 hominum
1471 4182 1538 4249 sort.

439 4257 597 4328 aleatorum]
615 4258 735 4314 omnium
752 4260 818 4315 odd.
835 4259 865 4314 D
881 4276 902 4315 a.
921 4261 939 4315 l.
956 4279 991 4316 m.
1010 4265 1038 4326 2,
1056 4280 1123 4332 quae
1140 4265 1203 4320 edd.
1221 4284 1238 4322 o
1329 4268 1413 4322 animi
1431 4269 1573 4327 Pometiae
