4016 5054
542 481 547 490 .
615 447 661 500 nn
678 442 932 514 singularitate
950 443 1155 500 clericorum
1173 459 1196 498 c
1214 441 1327 499 33--ee
1472 445 1534 510 211

404 609 439 664 ut
452 605 503 680 qui
517 606 590 665 bene
606 621 693 679 egere
707 603 873 664 laboramus
894 602 971 661 iuter
984 600 1115 662 luxurias
1129 617 1283 676 euagemur
1298 603 1329 662 et
1343 599 1538 660 discurramus

403 723 455 781 per
480 706 599 766 semitas
625 708 822 781 murum,
855 703 1018 764 retinacula
1039 703 1220 764 dimittamus
1242 706 1272 763 ot
1294 704 1377 764 iraua
1398 703 1537 765 laxemus.

404 825 503 868 cauum
518 825 694 882 quwumqua
708 824 761 866 uos
776 807 899 867 mundun
914 805 1069 865 abstulerit
1083 809 1114 866 et
1127 807 1298 881 ubicumque
1314 808 1445 869 diabolus
1459 807 1538 867 iuni·

404 909 529 982 tauarit,
555 909 646 969 libere
669 909 843 970 fornicamur
869 907 1050 969 inuideamus
1075 907 1221 982 rapiamus
1246 907 1428 981 fraudemus,
1445 909 1540 969 omnia

382 1013 484 1074 amala
504 1012 599 1073 menri
619 1012 848 1074 committamus:
877 1011 1049 1088 martyrium
1072 1013 1224 1072 subueniot
1249 1013 1281 1071 et
1305 1011 1469 1072 eundemne.
1498 1011 1542 1072 aie

405 1115 483 1175 enim
496 1114 769 1187 Pauluaapoatolus
784 1113 952 1188 pollicetur:
983 1113 1163 1174 iaciamus
1193 1114 1290 1175 mala
1318 1115 1358 1173 ut
1386 1114 1543 1174 ueniunt

406 1218 512 1276 boua:
529 1233 678 1290 quornm
693 1215 878 1276 damuatio
893 1216 998 1275 iusta
1012 1216 1078 1276 eet.
1093 1214 1162 1275 huic
1175 1215 1313 1293 martyrio
1329 1231 1410 1291 spem
1424 1215 1544 1276 tradant

406 1334 479 1392 quos
492 1316 692 1378 mathematici
705 1317 864 1377 docuerunt
878 1317 984 1378 habore
1010 1319 1045 1377 de
1067 1318 1193 1378 crastino
1208 1317 1429 1394 praescientiam
1444 1323 1475 1378 et
1487 1319 1542 1379 bas

408 1437 528 1480 coronas
554 1421 705 1494 expectent
727 1419 778 1494 qui
799 1435 888 1493 supra
901 1420 1021 1493 angelos
1043 1422 1074 1478 ot
1088 1419 1232 1480 Christum
1251 1437 1302 1494 par
1316 1420 1480 1495 astrologos
1494 1420 1541 1480 di·

371 1539 399 1579 ro
408 1522 541 1582 dicerunt
554 1523 629 1583 seire
643 1525 774 1596 tempora
788 1539 861 1597 qnae
876 1523 960 1596 pater
975 1521 1005 1580 iu
1016 1538 1070 1582 cua
1083 1521 1181 1595 posuit
1195 1525 1349 1596 potestate,
1362 1525 1396 1582 ut
1410 1523 1459 1582 uel
1473 1525 1544 1583 tuuc

406 1625 592 1684 recordentur
607 1627 675 1684 ante
689 1624 819 1700 martyrii
834 1627 948 1698 tempus
962 1624 1036 1684 beue
1051 1639 1138 1697 agere
1153 1625 1296 1697 debuisse,
1312 1641 1377 1685 cum
1391 1625 1468 1684 diem
1483 1624 1543 1686 Do·

408 1726 480 1788 mini
494 1728 638 1787 mneemut
652 1727 728 1788 sicut
742 1727 844 1788 iurem.
867 1728 918 1787 sed
934 1727 1084 1786 credamus
1105 1743 1192 1801 super
1213 1726 1280 1786 illos
1302 1728 1472 1802 martyrium
1487 1728 1545 1786 iam

406 1828 521 1902 nmque
535 1830 670 1903 pandora.
686 1827 803 1887 iuterim
818 1828 988 1903 priusquam
1002 1829 1144 1902 martyras
1157 1829 1238 1900 daut,
1253 1828 1369 1902 legibus
1384 1828 1545 1899 subiacent,

408 1932 442 1988 ut
456 1928 562 1989 iudicio
577 1929 766 2002 subiciantur,
782 1929 840 1990 uisi
854 1930 943 1989 ermis
958 1931 1151 1989 exarmcutur.
1166 1930 1301 1990 audaciae
1317 1928 1399 1989 ueias
1415 1931 1461 1989 ast
1481 1929 1545 1988 illis

374 2053 399 2092 ιι
411 2031 551 2091 aduersus
565 2033 766 2092 anotontatem
780 2030 895 2091 Domini
910 2034 1063 2105 parantum
1074 2046 1211 2105 personas
1223 2031 1349 2091 obicere:
1365 2030 1472 2104 quibua
1482 2031 1545 2104 ipse

413 2131 554 2192 Dominus
569 2132 804 2194 contradictionis
819 2133 906 2193 buius
921 2132 1045 2194 abstulit
1059 2147 1167 2192 uocem.
1198 2132 1233 2191 iu
1263 2131 1469 2206 legalibus,
1499 2131 1547 2190 in-

411 2235 491 2308 quit,
521 2239 665 2308 patrum
699 2237 910 2296 uestrorum
946 2236 1070 2295 nolite
1105 2235 1294 2294 ambulare
1329 2237 1364 2294 ct
1394 2234 1547 2294 iustili-

409 2336 580 2396 cationas
610 2355 729 2398 eorum
758 2335 876 2399 nolite
902 2337 1097 2398 custodire
1122 2341 1158 2398 et
1186 2336 1222 2395 iu
1253 2337 1395 2398 studiis
1425 2354 1548 2401 aarum

410 2438 531 2498 nolite
561 2440 789 2501 commisceri
818 2444 854 2500 et
882 2440 1002 2500 nolito
1038 2440 1236 2516 inquinari.
1278 2457 1343 2517 ego
1373 2441 1548 2502 Dominus

376 2539 508 2602 soDeus
537 2544 675 2602 uester.
712 2542 749 2601 in
777 2541 996 2617 praeceptis
1032 2543 1121 2603 mais
1151 2543 1338 2604 ambulate
1368 2547 1406 2604 et
1434 2542 1548 2604 iusti·

411 2641 617 2703 ficatioues
638 2660 735 2704 meas
758 2645 953 2705 custodite.

455 2745 555 2804 Sciam
569 2762 646 2804 nuuc
660 2745 795 2820 adempta
816 2746 874 2806 sibi
888 2763 952 2806 esso
977 2745 1139 2820 parcutalia
1151 2746 1312 2821 patrocinia
1327 2748 1377 2820 qui
1391 2747 1448 2806 buc
1461 2747 1547 2820 etque
1558 2741 1598 2799 36

412 2845 485 2907 illuc
506 2850 686 2907 recurrentes
701 2847 957 2908 contradictionum
972 2847 1101 2908 latebras
1117 2852 1274 2923 quaeruut,
1297 2865 1333 2909 no
1355 2865 1489 2924 umquam
1504 2848 1548 2908 ie·

413 2951 499 3010 minis
511 2954 644 3011 careant:
659 2955 690 3012 et
703 2953 772 3027 quia
782 2952 908 3025 undique
922 2951 1096 3012 defensionis
1107 2953 1243 3026 suffragio
1255 2953 1435 3025 deseruntur,
1452 2953 1482 3011 in
1497 2967 1549 3011 uo·

380 3052 532 3111 senissimo
548 3053 660 3113 eunctis
675 3052 854 3126 argumentis
869 3053 1021 3112 exhaustis
1035 3053 1299 3113 sententiamPauli
1314 3049 1438 3126 apostoli
1453 3053 1550 3125 opitu·

414 3152 887 3229 lariaibiopiuunturetdicuut:
917 3158 958 3215 tu
989 3154 1051 3228 qui
1081 3173 1135 3228 es,
1165 3157 1205 3215 ut
1230 3157 1271 3215 de
1291 3171 1402 3234 seruo
1425 3153 1551 3214 alieno

414 3255 581 3314 iudices?
612 3257 744 3329 agnoscit
768 3257 900 3330 equidem
926 3257 1034 3316 Paulus
1061 3255 1209 3330 apostolus
1235 3255 1451 3317 constitutionis
1478 3271 1548 3315 suae

415 3357 506 3416 uerba
520 3358 652 3431 prolata,
678 3359 730 3418 aad
743 3359 1009 3420 wustitutionarios
1025 3361 1054 3418 et
1069 3357 1228 3432 prolatores
1243 3357 1322 3432 ipsos
1337 3358 1462 3432 ignorat,
1490 3357 1550 3416 illis

414 3459 489 3519 enim
504 3459 630 3520 contulit
644 3461 837 3521 defensionem
852 3461 901 3536 qui
917 3460 1026 3520 nullam
1037 3463 1149 3534 partem
1163 3460 1238 3535 legis
1250 3461 1421 3536 inpugnant,
1437 3461 1468 3519 et
1478 3458 1551 3534 ipsis

379 3561 520 3620 retribuit
533 3563 724 3637 patrocinium
740 3562 790 3637 qui
805 3579 838 3622 ex
854 3566 921 3622 uoto
936 3580 988 3622 suo
1003 3562 1113 3637 aliquid
1135 3563 1246 3623 iaciunt
1267 3561 1487 3636 necquicquam
1502 3577 1551 3621 ec-

484 3829 597 3884 obem.
616 3829 645 3893 3,
661 3829 687 3884 8.
796 3828 1074 3895 lens.2e,18.1e.
1178 3829 1411 3894 aesomnes

484 4066 548 4122 iet
566 4067 652 4139 irena]
671 4068 794 4126 inuno
895 4069 1059 4125 5subucnit
1076 4069 1110 4125 0¹
1214 4069 1253 4125 sie
1270 4069 1394 4125 casio
1490 4070 1555 4125 bet

418 4153 623 4217 barabae
715 4155 864 4223 9suparo
958 4155 1240 4211 watonem.
1335 4156 1520 4210 18iuonac

416 4239 452 4292 24
469 4238 498 4292 iu
516 4255 566 4293 orn.
585 4254 602 4293 c
682 4239 844 4294 nouissimo·
865 4240 895 4302 0,
912 4240 1069 4294 nouissimis
1086 4256 1104 4295 c
1183 4241 1219 4294 25
1236 4241 1360 4295 arhauati
1379 4240 1520 4295 Balearicae

417 4322 1082 4393 26quieeeut0,quieaquio;cs.212,6

1273 4419 1346 4476 14·
