4012 5066
794 388 842 445 De
858 387 1123 458 Rebaptismate
1146 402 1168 442 c.
1185 386 1264 442 4-e.
1557 391 1598 458 75

453 552 529 612 tenti
543 551 665 613 bomini.
690 553 742 610 aut
755 548 782 608 si
797 548 870 610 diois
884 547 1049 610 huiusmodi
1062 547 1209 609 bominem
1223 547 1336 608 saluum
1351 563 1409 607 nou
1422 546 1595 620 possedon,

454 655 588 715 omnibus
609 652 752 728 episcopis
773 651 896 712 salutm
918 651 1087 724 adimimus,
1109 649 1242 724 quesita
1264 649 1403 725 periculis
1424 666 1510 723 quum
1532 667 1596 710 cer·

453 755 576 815 tissimis
592 753 762 828 adstringis,
784 756 818 812 ut
839 752 972 813 omnibus
994 752 1157 814 bominibus
1172 751 1222 827 qui
1238 752 1293 812 sub
1308 768 1489 812 curaecium
1503 755 1596 826 agunt

455 861 484 917 et
499 859 554 916 bec
568 860 656 931 atque
672 856 741 915 illac
756 855 896 930 dispersis
909 854 1076 928 regionibns
1090 854 1217 928 ipsorum
1238 853 1420 912 infirmantur
1437 857 1594 928 persumet

433 958 534 1034 sipsos
561 958 716 1019 subuenire
742 958 875 1028 debeant,
902 957 971 1032 qnia
994 956 1082 1018 ceteri
1107 956 1237 1017 homiues
1264 956 1387 1016 minores
1410 955 1523 1015 clericis
1544 955 1596 1030 qui

453 1061 657 1137 periclitantur
680 1061 735 1121 boc
756 1059 832 1120 idem
851 1062 1000 1134 praestare
1021 1076 1078 1120 non
1098 1059 1222 1133 possint,
1244 1073 1280 1118 ne
1296 1056 1417 1132 sanguis
1431 1074 1528 1118 eorum
1543 1057 1595 1132 qui

452 1164 537 1223 uacui
557 1164 592 1223 ds
620 1162 735 1223 saeculo
761 1161 854 1222 exisse
877 1161 1055 1221 uidebuntur
1079 1161 1115 1220 de
1140 1178 1226 1220 manu
1252 1160 1449 1234 episcoporum
1475 1175 1594 1219 necesse

452 1266 561 1325 babeat
575 1265 694 1342 requiri.
717 1281 803 1339 porro
818 1264 926 1337 autem
941 1266 975 1323 ut
990 1281 1048 1324 non
1062 1261 1212 1336 ignoratis,
1230 1259 1412 1321 credentibus
1427 1259 1594 1321 hominibus

451 1366 600 1428 inuenitur
626 1365 747 1441 spiritus
774 1367 893 1426 sanctus
913 1383 931 1426 a
953 1363 1074 1426 Domino
1103 1365 1189 1424 datus
1210 1363 1273 1424 sine
1295 1363 1469 1438 baptismate
1490 1380 1593 1438 aquae,

417 1491 442 1531 ιι
451 1469 528 1529 sicut
542 1470 617 1530 actis
627 1470 822 1542 apostolorum
834 1468 999 1528 continetur
1009 1467 1040 1526 in
1051 1469 1128 1527 bunc
1138 1468 1268 1527 modurn:
1285 1467 1404 1526 adbuc
1418 1466 1594 1539 loquente

451 1571 562 1630 Petro
584 1571 699 1631 uerba
719 1570 810 1628 haec
831 1569 946 1629 irruit
968 1569 1131 1643 spiritus
1158 1571 1312 1628 sanctus
1335 1584 1448 1641 super
1470 1585 1594 1628 ornnes

450 1672 510 1746 qni
533 1672 738 1731 audiebant
759 1671 924 1742 uerbum,
948 1673 983 1730 et
1011 1669 1268 1743 obstupefacti
1289 1672 1377 1728 sunt
1398 1669 1460 1743 qui
1485 1674 1595 1730 erant

450 1789 489 1833 ex
526 1771 820 1833 circumcisione
857 1771 996 1832 fidelos
1033 1772 1215 1845 quotquot
1257 1770 1367 1830 simul
1409 1774 1595 1832 uenerant

449 1890 524 1933 cum
545 1873 670 1949 Petro,
692 1872 780 1947 quia
801 1876 838 1932 et
858 1889 971 1948 super
992 1877 1125 1947 gentes
1144 1874 1274 1933 donum
1290 1871 1593 1948 spiritussaucti

416 1975 609 2036 rsofiusum
648 1978 714 2035 ost.
752 1975 959 2035 audiebant
994 1975 1088 2035 enirn
1125 1991 1185 2036 ιιι
1218 1977 1416 2049 loquentes
1448 1973 1592 2050 linguis

449 2079 529 2137 suis
560 2080 596 2136 et
623 2076 928 2150 magnificabant
949 2078 1067 2138 Deum.
1099 2081 1190 2138 tunc
1222 2077 1419 2151 respondit
1441 2079 1591 2139 Petrus:

449 2179 624 2253 numquid
647 2178 791 2252 aliquis
813 2196 942 2252 aquam
965 2179 1162 2252 prohibere
1185 2181 1312 2252 potest
1326 2182 1446 2239 utnon
1468 2180 1590 2254 bapti-

449 2284 579 2341 zentur
609 2280 681 2340 isti
703 2280 766 2354 qui
789 2280 965 2354 spiritum
996 2283 1162 2342 sanctum
1189 2283 1413 2354 acceperunt
1435 2281 1535 2342 sicut
1557 2286 1593 2342 ot

448 2385 533 2441 nos?
557 2383 594 2440 st
615 2381 816 2455 praecepit
837 2397 899 2442 eos
921 2381 1161 2455 baptizariiu
1176 2383 1420 2443 nomiueIesu
1437 2383 1591 2443 Christi.
1703 2368 1711 2381 '

414 2482 527 2543 rosicut
553 2483 639 2542 etiam
663 2483 739 2542 idem
762 2483 868 2543 Petrus
893 2485 1075 2556 postmodum
1097 2485 1133 2543 de
1154 2485 1261 2545 eisdem
1274 2485 1410 2559 gentibus
1425 2485 1592 2560 plenissime

449 2585 547 2646 docuit
571 2603 624 2646 nos
647 2586 762 2646 dicens:
795 2589 831 2646 et
853 2584 952 2646 nibil
982 2586 1167 2648 discrerit
1197 2589 1296 2648 iuter
1322 2605 1388 2649 nos
1410 2591 1445 2647 et
1473 2588 1591 2664 ipsos,

448 2686 528 2746 fide
551 2687 764 2747 emundatis
785 2687 966 2748 cordibus
989 2705 1118 2750 eorum.
1144 2690 1230 2763 atque
1253 2690 1308 2751 boc
1329 2707 1387 2750 non
1402 2691 1458 2750 erit
1473 2691 1591 2751 dubium

448 2790 479 2850 in
502 2787 609 2863 spiritu
631 2792 731 2850 sancto
754 2789 885 2850 homines
904 2805 990 2865 posse
1015 2790 1078 2851 siue
1098 2808 1172 2866 aqua
1194 2792 1346 2866 baptizari,
1369 2793 1445 2853 sicut
1459 2793 1590 2853 animad-

448 2891 540 2951 nertis
560 2892 723 2964 bsptiaatos
745 2892 799 2951 bos
820 2892 903 2965 prius
918 2909 1005 2966 qnam
1019 2910 1095 2966 aqua
1108 2893 1325 2968 baptizarentur
1339 2896 1373 2953 nt
1387 2895 1544 2955 satisfieret
1559 2897 1591 2956 et

413 2992 568 3054 ssloannis
588 2995 619 3051 st
639 2991 732 3066 ipsius
753 2988 872 3053 Domini
892 2993 1168 3068 praedicationibus,
1190 2995 1421 3071 quandoquidem
1435 2998 1466 3056 et
1480 2996 1513 3055 bi
1527 2996 1589 3056 sine

447 3111 551 3154 manus
576 3094 760 3169 impositione
787 3095 982 3169 apostolorum
1005 3099 1036 3156 et
1056 3097 1118 3158 siue
1139 3099 1253 3158 lauacro
1273 3097 1351 3171 quod
1370 3099 1471 3172 postea
1491 3099 1590 3172 adepti

447 3198 517 3256 sunt
537 3194 664 3271 ιιιιὶιιι
685 3195 919 3270 repromissionis
943 3199 1107 3272 acceperint
1121 3202 1151 3259 et
1171 3197 1214 3258 sic
1228 3199 1327 3274 paullo
1342 3201 1410 3259 ante
1424 3198 1590 3260 emundatis

448 3298 582 3358 cordibus
608 3315 707 3362 oerum
721 3298 801 3359 Deus
815 3315 868 3374 per
893 3299 979 3360 fldem
1004 3301 1131 3375 ipsorum
1156 3301 1243 3362 etium
1269 3301 1466 3362 remissionem
1486 3318 1590 3376 pecca·

447 3401 542 3460 torum
564 3399 652 3460 simul
673 3399 716 3460 eis
738 3401 865 3475 largitus
887 3402 936 3474 eit,
962 3405 997 3462 ut
1010 3404 1065 3464 hoc
1085 3403 1176 3464 solum
1191 3404 1234 3463 eis
1249 3403 1395 3478 baptisma
1409 3403 1590 3478 subsequens

414 3502 640 3577 repraestiterit
662 3504 696 3562 ut
716 3503 928 3564 inuocatiouem
943 3521 1055 3579 quoque
1070 3505 1193 3566 nominis
1208 3506 1275 3566 Iesu
1291 3505 1400 3565 christi
1414 3506 1588 3581 acciperent,

448 3602 569 3678 nequid
585 3604 628 3663 eis
645 3604 746 3664 deesse
761 3605 912 3665 uideretur
926 3607 963 3665 ad
978 3606 1175 3682 integritatem
1190 3605 1346 3667 ministerii
1362 3610 1392 3667 et
1407 3607 1482 3668 fidei.

490 3703 571 3775 Quod
594 3705 682 3766 etiam
703 3707 877 3768 econtrario
898 3707 989 3768 latere
1009 3711 1151 3770 ιιιιιιιιιι
1172 3709 1258 3769 buius
1280 3711 1350 3770 snut
1370 3709 1516 3770 muscenti
1531 3709 1618 3785 ipsiu

445 3805 492 3866 illi
503 3806 640 3882 discipuli
651 3807 768 3869 Domini
779 3810 882 3884 nostri,
899 3827 986 3884 super
997 3829 1069 3886 quos
1080 3812 1137 3872 iam
1148 3812 1259 3887 pridem
1270 3811 1433 3886 baptizatos
1445 3815 1589 3887 postremo

515 4003 551 4060 ιο
567 4005 628 4061 ιι.
640 3993 674 4070 ι’,
690 4004 805 4084 ιι-ιι.
909 4006 944 4063 ιι
962 4009 1024 4065 ιι.
1043 4009 1085 4076 rs,
1103 4009 1128 4066 e.

515 4191 637 4248 ιιιιιιι
648 4192 718 4258 serr.
789 4192 982 4250 ιιιιιιιιιιι
994 4194 1058 4267 ιιι.
1129 4196 1164 4252 so
1175 4196 1246 4252 reem
1257 4212 1309 4252 ιι.
1321 4197 1384 4270 ιιι.
1453 4199 1490 4254 ιι
1506 4199 1587 4271 ιιι]
1690 4155 1695 4178 ’

444 4275 511 4331 hace
523 4276 586 4348 Rip.
656 4277 692 4332 27
705 4280 733 4332 et
746 4277 786 4333 sic
797 4276 890 4347 paullo
903 4283 967 4334 ante
979 4279 1132 4336 emundatis
1150 4281 1296 4349 Βιιιιιιιι,
1315 4287 1344 4338 et
1361 4284 1502 4339 inundatis
1514 4285 1590 4355 sep„

443 4362 471 4416 et
488 4361 642 4419 emundatis
665 4361 755 4419 Orroei.
861 4363 895 4418 31
913 4366 1035 4436 mysterii
1052 4365 1116 4422 fidei
1133 4369 1214 4436 [ιιιι
1231 4369 1267 4435 cf.
1281 4385 1346 4442 paq.
1363 4373 1407 4436 81,
1423 4373 1463 4427 20
