<?xml version="1.0" encoding="UTF-8"?>
<!DOCTYPE html PUBLIC "-//W3C//DTD XHTML 1.0 Transitional//EN"
    "http://www.w3.org/TR/xhtml1/DTD/xhtml1-transitional.dtd">
<html xmlns="http://www.w3.org/1999/xhtml" xml:lang="en" lang="en">
 <head>
  <title>
</title>
<meta http-equiv="Content-Type" content="text/html;charset=utf-8" />
  <meta name='ocr-system' content='tesseract 3.04.00' />
  <meta name='ocr-capabilities' content='ocr_page ocr_carea ocr_par ocr_line ocrx_word'/>
</head>
<body>
  <div class='ocr_page' id='page_1' title='image "./sthascicaecilic02cyprgoog_0096.png"; bbox 0 0 4012 5056; ppageno 0'>
   <div class='ocr_carea' id='block_1_1' title="bbox 1431 461 1662 510">
    <p class='ocr_par' dir='ltr' id='par_1_1' title="bbox 1431 461 1662 510">
     <span class='ocr_line' id='line_1_1' title="bbox 1431 461 1662 510; baseline 0.004 -1"><span class='ocrx_word' id='word_1_1' title='bbox 1431 461 1556 510; x_wconf 70' lang='lat' dir='ltr'>dxxxv</span> <span class='ocrx_word' id='word_1_2' title='bbox 1657 487 1662 500; x_wconf 88' lang='lat'><strong>·</strong></span> 
     </span>
    </p>
   </div>
   <div class='ocr_carea' id='block_1_2' title="bbox 314 591 1585 4444">
    <p class='ocr_par' dir='ltr' id='par_1_2' title="bbox 314 591 1585 4444">
     <span class='ocr_line' id='line_1_2' title="bbox 411 591 1556 684; baseline 0.003 -22"><span class='ocrx_word' id='word_1_3' title='bbox 411 593 588 662; x_wconf 68' lang='lat' dir='ltr'>Castrensis</span> <span class='ocrx_word' id='word_1_4' title='bbox 617 591 767 680; x_wconf 82' lang='lat' dir='ltr'>Cypriani</span> <span class='ocrx_word' id='word_1_5' title='bbox 801 611 895 679; x_wconf 86' lang='lat' dir='ltr'>opera</span> <span class='ocrx_word' id='word_1_6' title='bbox 923 593 959 660; x_wconf 91' lang='lat' dir='ltr'>in</span> <span class='ocrx_word' id='word_1_7' title='bbox 986 612 1106 662; x_wconf 84' lang='lat' dir='ltr'>nouum</span> <span class='ocrx_word' id='word_1_8' title='bbox 1141 595 1282 663; x_wconf 84' lang='lat' dir='ltr'><strong>ordinem</strong></span> <span class='ocrx_word' id='word_1_9' title='bbox 1310 596 1556 684; x_wconf 86' lang='lat' dir='ltr'>Pamelicuoque</span> 
     </span>
     <span class='ocr_line' id='line_1_3' title="bbox 412 705 1556 791; baseline 0.003 -19"><span class='ocrx_word' id='word_1_10' title='bbox 412 705 579 773; x_wconf 90' lang='lat' dir='ltr'>meliorem</span> <span class='ocrx_word' id='word_1_11' title='bbox 602 706 727 791; x_wconf 77' lang='lat' dir='ltr'>digesta</span> <span class='ocrx_word' id='word_1_12' title='bbox 747 705 788 773; x_wconf 91' lang='lat' dir='ltr'>ad</span> <span class='ocrx_word' id='word_1_13' title='bbox 808 706 951 773; x_wconf 89' lang='lat' dir='ltr'>uetustos</span> <span class='ocrx_word' id='word_1_14' title='bbox 971 705 1071 773; x_wconf 90' lang='lat' dir='ltr'>libros</span> <span class='ocrx_word' id='word_1_15' title='bbox 1093 707 1271 774; x_wconf 71' lang='lat' dir='ltr'>accuratius</span> <span class='ocrx_word' id='word_1_16' title='bbox 1294 710 1556 791; x_wconf 78' lang='lat' dir='ltr'>emendeusrunt3</span> 
     </span>
     <span class='ocr_line' id='line_1_4' title="bbox 411 815 1558 903; baseline 0.003 -19"><span class='ocrx_word' id='word_1_17' title='bbox 411 816 514 884; x_wconf 85' lang='lat' dir='ltr'>textui</span> <span class='ocrx_word' id='word_1_18' title='bbox 537 815 657 903; x_wconf 79' lang='lat' dir='ltr'>insigni</span> <span class='ocrx_word' id='word_1_19' title='bbox 681 816 858 902; x_wconf 80' lang='lat' dir='ltr'>legentium</span> <span class='ocrx_word' id='word_1_20' title='bbox 885 816 1049 884; x_wconf 90' lang='lat' dir='ltr'>commodo</span> <span class='ocrx_word' id='word_1_21' title='bbox 1075 818 1235 885; x_wconf 73' lang='lat' dir='ltr'>uadentes</span> <span class='ocrx_word' id='word_1_22' title='bbox 1260 818 1411 887; x_wconf 87' lang='lat' dir='ltr'>lectiones</span> <span class='ocrx_word' id='word_1_23' title='bbox 1432 839 1470 886; x_wconf 84' lang='lat' dir='ltr'>cx</span> <span class='ocrx_word' id='word_1_24' title='bbox 1489 820 1558 887; x_wconf 90' lang='lat' dir='ltr'>suis</span> 
     </span>
     <span class='ocr_line' id='line_1_5' title="bbox 413 927 1559 1012; baseline 0.003 -16"><span class='ocrx_word' id='word_1_25' title='bbox 413 927 613 1012; x_wconf 84' lang='lat' dir='ltr'>aliommqus</span> <span class='ocrx_word' id='word_1_26' title='bbox 633 927 794 996; x_wconf 80' lang='lat' dir='ltr'>codicibus</span> <span class='ocrx_word' id='word_1_27' title='bbox 814 927 942 1012; x_wconf 82' lang='lat' dir='ltr'>petitus,</span> <span class='ocrx_word' id='word_1_28' title='bbox 964 927 1156 996; x_wconf 88' lang='lat' dir='ltr'>lectionibus</span> <span class='ocrx_word' id='word_1_29' title='bbox 1177 929 1394 998; x_wconf 79' lang='lat' dir='ltr'>emotedones</span> <span class='ocrx_word' id='word_1_30' title='bbox 1415 931 1559 999; x_wconf 86' lang='lat' dir='ltr'>subisse·</span> 
     </span>
     <span class='ocr_line' id='line_1_6' title="bbox 314 1024 1559 1125; baseline 0.002 -20"><span class='ocrx_word' id='word_1_31' title='bbox 314 1024 318 1032; x_wconf 71' lang='grc'><strong>’</strong></span> <span class='ocrx_word' id='word_1_32' title='bbox 411 1039 495 1106; x_wconf 84' lang='lat' dir='ltr'>runt</span> <span class='ocrx_word' id='word_1_33' title='bbox 517 1056 612 1121; x_wconf 88' lang='lat' dir='ltr'>opera</span> <span class='ocrx_word' id='word_1_34' title='bbox 632 1039 740 1123; x_wconf 84' lang='lat' dir='ltr'>spuria</span> <span class='ocrx_word' id='word_1_35' title='bbox 759 1038 871 1105; x_wconf 91' lang='lat' dir='ltr'>libello</span> <span class='ocrx_word' id='word_1_36' title='bbox 887 1038 1060 1121; x_wconf 70' lang='lat' dir='ltr'>Expositis</span> <span class='ocrx_word' id='word_1_37' title='bbox 1079 1039 1210 1106; x_wconf 69' lang='lat' dir='ltr'>bussuli</span> <span class='ocrx_word' id='word_1_38' title='bbox 1229 1039 1381 1125; x_wconf 86' lang='lat' dir='ltr'>inscripto</span> <span class='ocrx_word' id='word_1_39' title='bbox 1402 1042 1559 1109; x_wconf 82' lang='lat' dir='ltr'>attribue</span> 
     </span>
     <span class='ocr_line' id='line_1_7' title="bbox 412 1148 1559 1220; baseline 0.002 -3"><span class='ocrx_word' id='word_1_40' title='bbox 412 1148 547 1217; x_wconf 80' lang='lat' dir='ltr'>Arnoldi</span> <span class='ocrx_word' id='word_1_41' title='bbox 572 1149 772 1218; x_wconf 89' lang='lat' dir='ltr'>Bonaerallis</span> <span class='ocrx_word' id='word_1_42' title='bbox 801 1150 994 1218; x_wconf 88' lang='lat' dir='ltr'>tractatibus</span> <span class='ocrx_word' id='word_1_43' title='bbox 1024 1151 1118 1219; x_wconf 85' lang='lat' dir='ltr'>aucta</span> <span class='ocrx_word' id='word_1_44' title='bbox 1147 1152 1279 1219; x_wconf 79' lang='lat' dir='ltr'>seorsim</span> <span class='ocrx_word' id='word_1_45' title='bbox 1309 1152 1476 1219; x_wconf 89' lang='lat' dir='ltr'>ediderunt</span> <span class='ocrx_word' id='word_1_46' title='bbox 1500 1169 1559 1220; x_wconf 89' lang='lat' dir='ltr'>suo</span> 
     </span>
     <span class='ocr_line' id='line_1_8' title="bbox 412 1253 1557 1346; baseline 0.002 -19"><span class='ocrx_word' id='word_1_47' title='bbox 412 1260 557 1346; x_wconf 90' lang='lat' dir='ltr'>quodque</span> <span class='ocrx_word' id='word_1_48' title='bbox 570 1260 691 1327; x_wconf 87' lang='lat' dir='ltr'>auctori</span> <span class='ocrx_word' id='word_1_49' title='bbox 706 1262 866 1328; x_wconf 85' lang='lat' dir='ltr'>uindicare</span> <span class='ocrx_word' id='word_1_50' title='bbox 881 1263 996 1329; x_wconf 88' lang='lat' dir='ltr'>eonati.</span> <span class='ocrx_word' id='word_1_51' title='bbox 1012 1265 1211 1329; x_wconf 87' lang='lat' dir='ltr'>accesserunt</span> <span class='ocrx_word' id='word_1_52' title='bbox 1224 1261 1374 1329; x_wconf 82' lang='lat' dir='ltr'>Annales</span> <span class='ocrx_word' id='word_1_53' title='bbox 1393 1253 1557 1346; x_wconf 74' lang='lat' dir='ltr'>Cypriani</span> 
     </span>
     <span class='ocr_line' id='line_1_9' title="bbox 412 1371 1561 1456; baseline 0.001 -16"><span class='ocrx_word' id='word_1_54' title='bbox 412 1373 483 1440; x_wconf 84' lang='lat' dir='ltr'>siue</span> <span class='ocrx_word' id='word_1_55' title='bbox 502 1371 652 1439; x_wconf 74' lang='lat' dir='ltr'>tredecim</span> <span class='ocrx_word' id='word_1_56' title='bbox 671 1390 833 1439; x_wconf 74' lang='lat' dir='ltr'>ammaum</span> <span class='ocrx_word' id='word_1_57' title='bbox 853 1371 969 1455; x_wconf 66' lang='lat' dir='ltr'>archus</span> <span class='ocrx_word' id='word_1_58' title='bbox 990 1372 1024 1441; x_wconf 81' lang='lat' dir='ltr'>S.</span> <span class='ocrx_word' id='word_1_59' title='bbox 1042 1371 1231 1456; x_wconf 72' lang='lat' dir='ltr'>Cyprianus</span> <span class='ocrx_word' id='word_1_60' title='bbox 1250 1373 1336 1439; x_wconf 84' lang='lat' dir='ltr'>inter</span> <span class='ocrx_word' id='word_1_61' title='bbox 1355 1371 1561 1441; x_wconf 59' lang='lat' dir='ltr'>marsos</span> 
     </span>
     <span class='ocr_line' id='line_1_10' title="bbox 412 1469 1562 1564; baseline 0.001 -14"><span class='ocrx_word' id='word_1_62' title='bbox 412 1469 562 1550; x_wconf 77' lang='lat' dir='ltr'>uersaim</span> <span class='ocrx_word' id='word_1_63' title='bbox 581 1488 626 1549; x_wconf 89' lang='lat' dir='ltr'>est</span> <span class='ocrx_word' id='word_1_64' title='bbox 646 1483 752 1551; x_wconf 83' lang='lat' dir='ltr'>breuis</span> <span class='ocrx_word' id='word_1_65' title='bbox 771 1482 907 1548; x_wconf 76' lang='lat' dir='ltr'>hidoria</span> <span class='ocrx_word' id='word_1_66' title='bbox 922 1501 986 1564; x_wconf 73' lang='lat' dir='ltr'>per</span> <span class='ocrx_word' id='word_1_67' title='bbox 1000 1483 1160 1549; x_wconf 85' lang='lat' dir='ltr'>Ioannem</span> <span class='ocrx_word' id='word_1_68' title='bbox 1176 1481 1369 1550; x_wconf 67' lang='lat' dir='ltr'>Castrum</span> <span class='ocrx_word' id='word_1_69' title='bbox 1382 1487 1415 1550; x_wconf 91' lang='lat' dir='ltr'>et</span> <span class='ocrx_word' id='word_1_70' title='bbox 1429 1483 1562 1551; x_wconf 90' lang='lat' dir='ltr'>Disser-</span> 
     </span>
     <span class='ocr_line' id='line_1_11' title="bbox 411 1591 1560 1676; baseline 0.001 -16"><span class='ocrx_word' id='word_1_71' title='bbox 411 1595 550 1660; x_wconf 85' lang='lat' dir='ltr'>tationcs</span> <span class='ocrx_word' id='word_1_72' title='bbox 571 1592 787 1676; x_wconf 48' lang='lat' dir='ltr'>Marsicae</span> <span class='ocrx_word' id='word_1_73' title='bbox 806 1594 848 1660; x_wconf 86' lang='lat' dir='ltr'>ab</span> <span class='ocrx_word' id='word_1_74' title='bbox 867 1593 1010 1660; x_wconf 82' lang='lat' dir='ltr'>Hmrioo</span> <span class='ocrx_word' id='word_1_75' title='bbox 1029 1591 1194 1660; x_wconf 87' lang='lat' dir='ltr'>Dodooelio</span> <span class='ocrx_word' id='word_1_76' title='bbox 1211 1593 1255 1660; x_wconf 79' lang='grc' dir='ltr'>Α,</span> <span class='ocrx_word' id='word_1_77' title='bbox 1271 1593 1322 1661; x_wconf 84' lang='grc' dir='ltr'>Μ.</span> <span class='ocrx_word' id='word_1_78' title='bbox 1337 1593 1560 1662; x_wconf 87' lang='lat' dir='ltr'>Dubliniensi.</span> 
     </span>
     <span class='ocr_line' id='line_1_12' title="bbox 413 1702 1562 1790; baseline -0.001 -17"><span class='ocrx_word' id='word_1_79' title='bbox 413 1704 453 1773; x_wconf 89' lang='lat' dir='ltr'>de</span> <span class='ocrx_word' id='word_1_80' title='bbox 463 1703 616 1771; x_wconf 90' lang='lat' dir='ltr'>subsidiis</span> <span class='ocrx_word' id='word_1_81' title='bbox 630 1702 749 1770; x_wconf 84' lang='lat' dir='ltr'>criticis</span> <span class='ocrx_word' id='word_1_82' title='bbox 762 1703 841 1770; x_wconf 90' lang='lat' dir='ltr'>haec</span> <span class='ocrx_word' id='word_1_83' title='bbox 854 1703 1049 1771; x_wconf 71' lang='lat' dir='ltr'>adnotantur</span> <span class='ocrx_word' id='word_1_84' title='bbox 1058 1705 1094 1771; x_wconf 93' lang='lat' dir='ltr'>in</span> <span class='ocrx_word' id='word_1_85' title='bbox 1104 1705 1316 1790; x_wconf 77' lang='lat' dir='ltr'>pmelatiouo:</span> <span class='ocrx_word' id='word_1_86' title='bbox 1333 1705 1562 1788; x_wconf 77' lang='lat' dir='ltr'>Monrrscripii</span> 
     </span>
     <span class='ocr_line' id='line_1_13' title="bbox 413 1813 1562 1899; baseline -0.001 -16"><span class='ocrx_word' id='word_1_87' title='bbox 413 1815 534 1883; x_wconf 72' lang='lat' dir='ltr'>cosses</span> <span class='ocrx_word' id='word_1_88' title='bbox 560 1813 766 1897; x_wconf 61' lang='lat' dir='ltr'>marcidam</span> <span class='ocrx_word' id='word_1_89' title='bbox 789 1813 883 1894; x_wconf 86' lang='lat' dir='ltr'>mihi,</span> <span class='ocrx_word' id='word_1_90' title='bbox 908 1818 1049 1896; x_wconf 69' lang='lat' dir='ltr'>qumaor</span> <span class='ocrx_word' id='word_1_91' title='bbox 1071 1813 1262 1894; x_wconf 86' lang='lat' dir='ltr'>Bodleiani,</span> <span class='ocrx_word' id='word_1_92' title='bbox 1287 1820 1426 1899; x_wconf 75' lang='lat' dir='ltr'>quatuor</span> <span class='ocrx_word' id='word_1_93' title='bbox 1449 1815 1562 1882; x_wconf 84' lang='lat' dir='ltr'>itidem</span> 
     </span>
     <span class='ocr_line' id='line_1_14' title="bbox 412 1922 1563 2010; baseline 0 -18"><span class='ocrx_word' id='word_1_94' title='bbox 412 1925 631 1992; x_wconf 70' lang='lat' dir='ltr'>illustrissimi</span> <span class='ocrx_word' id='word_1_95' title='bbox 643 1922 689 1989; x_wconf 90' lang='lat' dir='ltr'>D.</span> <span class='ocrx_word' id='word_1_96' title='bbox 704 1924 816 1990; x_wconf 87' lang='lat' dir='ltr'>Isaoei</span> <span class='ocrx_word' id='word_1_97' title='bbox 838 1923 960 2004; x_wconf 81' lang='lat' dir='ltr'>Vossii‚·</span> <span class='ocrx_word' id='word_1_98' title='bbox 974 1923 1039 1990; x_wconf 86' lang='lat' dir='ltr'>duo</span> <span class='ocrx_word' id='word_1_99' title='bbox 1053 1925 1144 1990; x_wconf 86' lang='lat' dir='ltr'>Noui</span> <span class='ocrx_word' id='word_1_100' title='bbox 1159 1925 1293 2010; x_wconf 64' lang='lat' dir='ltr'>Collecti</span> <span class='ocrx_word' id='word_1_101' title='bbox 1306 1923 1459 2007; x_wconf 65' lang='lat' dir='ltr'>monac,</span> <span class='ocrx_word' id='word_1_102' title='bbox 1474 1943 1563 1992; x_wconf 87' lang='lat' dir='ltr'>unus</span> 
     </span>
     <span class='ocr_line' id='line_1_15' title="bbox 375 2029 1585 2121; baseline -0.002 -17"><span class='ocrx_word' id='word_1_103' title='bbox 375 2029 378 2036; x_wconf 74' lang='grc'>’</span> <span class='ocrx_word' id='word_1_104' title='bbox 413 2035 540 2121; x_wconf 68' lang='lat' dir='ltr'>milacis·</span> <span class='ocrx_word' id='word_1_105' title='bbox 551 2034 793 2102; x_wconf 85' lang='lat' dir='ltr'>Lincoluiensis</span> <span class='ocrx_word' id='word_1_106' title='bbox 806 2033 934 2113; x_wconf 83' lang='lat' dir='ltr'>ibidem,</span> <span class='ocrx_word' id='word_1_107' title='bbox 948 2052 1037 2101; x_wconf 87' lang='lat' dir='ltr'>unus</span> <span class='ocrx_word' id='word_1_108' title='bbox 1051 2033 1176 2120; x_wconf 58' lang='lat' dir='ltr'>mileti</span> <span class='ocrx_word' id='word_1_109' title='bbox 1184 2035 1563 2104; x_wconf 84' lang='lat' dir='ltr'>PembrocbianiCanta·</span> <span class='ocrx_word' id='word_1_110' title='bbox 1581 2070 1585 2078; x_wconf 95' lang='lat'>·</span> 
     </span>
     <span class='ocr_line' id='line_1_16' title="bbox 413 2143 1562 2231; baseline 0 -19"><span class='ocrx_word' id='word_1_111' title='bbox 413 2147 548 2231; x_wconf 59' lang='lat' dir='ltr'>brisiae</span> <span class='ocrx_word' id='word_1_112' title='bbox 573 2165 660 2212; x_wconf 86' lang='lat' dir='ltr'>uuus</span> <span class='ocrx_word' id='word_1_113' title='bbox 685 2144 885 2212; x_wconf 76' lang='lat' dir='ltr'>bibliothocae</span> <span class='ocrx_word' id='word_1_114' title='bbox 909 2143 1159 2225; x_wconf 78' lang='lat' dir='ltr'>Lambdbanae,</span> <span class='ocrx_word' id='word_1_115' title='bbox 1188 2146 1277 2212; x_wconf 85' lang='lat' dir='ltr'>otius</span> <span class='ocrx_word' id='word_1_116' title='bbox 1290 2146 1562 2227; x_wconf 84' lang='lat' dir='ltr'>-Aruudeiionae,</span> 
     </span>
     <span class='ocr_line' id='line_1_17' title="bbox 413 2255 1563 2336; baseline 0 -13"><span class='ocrx_word' id='word_1_117' title='bbox 413 2257 505 2323; x_wconf 76' lang='lat' dir='ltr'>aliero</span> <span class='ocrx_word' id='word_1_118' title='bbox 520 2255 743 2336; x_wconf 76' lang='lat' dir='ltr'>Ebmacmsis,</span> <span class='ocrx_word' id='word_1_119' title='bbox 758 2255 847 2321; x_wconf 86' lang='lat' dir='ltr'>alius</span> <span class='ocrx_word' id='word_1_120' title='bbox 865 2255 1223 2335; x_wconf 65' lang='lat' dir='ltr'>westmonasteriensis,</span> <span class='ocrx_word' id='word_1_121' title='bbox 1238 2256 1326 2322; x_wconf 87' lang='lat' dir='ltr'>otius</span> <span class='ocrx_word' id='word_1_122' title='bbox 1339 2256 1563 2326; x_wconf 62' lang='lat' dir='ltr'>&amp;sabarim-</span> 
     </span>
     <span class='ocr_line' id='line_1_18' title="bbox 415 2365 1564 2449; baseline 0.002 -15"><span class='ocrx_word' id='word_1_123' title='bbox 415 2368 471 2449; x_wconf 87' lang='lat' dir='ltr'>sis‚</span> <span class='ocrx_word' id='word_1_124' title='bbox 486 2367 574 2434; x_wconf 68' lang='lat' dir='ltr'>daos</span> <span class='ocrx_word' id='word_1_125' title='bbox 583 2365 800 2434; x_wconf 67' lang='grc' dir='ltr'>θοαωιίαπαο.</span> <span class='ocrx_word' id='word_1_126' title='bbox 818 2365 922 2432; x_wconf 84' lang='lat' dir='ltr'>Porro</span> <span class='ocrx_word' id='word_1_127' title='bbox 936 2365 1189 2434; x_wconf 77' lang='lat' dir='ltr'>communicatae</span> <span class='ocrx_word' id='word_1_128' title='bbox 1201 2371 1278 2434; x_wconf 88' lang='lat' dir='ltr'>sunt</span> <span class='ocrx_word' id='word_1_129' title='bbox 1287 2365 1370 2432; x_wconf 72' lang='lat' dir='ltr'>miri</span> <span class='ocrx_word' id='word_1_130' title='bbox 1380 2365 1564 2435; x_wconf 71' lang='lat' dir='ltr'>summm</span> 
     </span>
     <span class='ocr_line' id='line_1_19' title="bbox 416 2475 1561 2562; baseline -0.003 -15"><span class='ocrx_word' id='word_1_131' title='bbox 416 2479 533 2547; x_wconf 81' lang='lat' dir='ltr'>codicis</span> <span class='ocrx_word' id='word_1_132' title='bbox 552 2477 678 2562; x_wconf 74' lang='lat' dir='ltr'>wdecii</span> <span class='ocrx_word' id='word_1_133' title='bbox 699 2475 849 2561; x_wconf 74' lang='lat' dir='ltr'>Corporis</span> <span class='ocrx_word' id='word_1_134' title='bbox 872 2475 996 2546; x_wconf 82' lang='lat' dir='ltr'>Christi</span> <span class='ocrx_word' id='word_1_135' title='bbox 1013 2475 1254 2562; x_wconf 75' lang='lat' dir='ltr'>Camabriaiac,</span> <span class='ocrx_word' id='word_1_136' title='bbox 1275 2481 1303 2543; x_wconf 90' lang='lat' dir='ltr'>et</span> <span class='ocrx_word' id='word_1_137' title='bbox 1323 2477 1460 2544; x_wconf 74' lang='lat' dir='ltr'>ararim</span> <span class='ocrx_word' id='word_1_138' title='bbox 1474 2477 1561 2544; x_wconf 83' lang='lat' dir='ltr'>Len·</span> 
     </span>
     <span class='ocr_line' id='line_1_20' title="bbox 415 2587 1564 2671; baseline -0.002 -15"><span class='ocrx_word' id='word_1_139' title='bbox 415 2588 573 2656; x_wconf 79' lang='lat' dir='ltr'>dinmsis.</span> <span class='ocrx_word' id='word_1_140' title='bbox 599 2608 697 2671; x_wconf 77' lang='lat' dir='ltr'>opera</span> <span class='ocrx_word' id='word_1_141' title='bbox 716 2587 898 2655; x_wconf 77' lang='lat' dir='ltr'>Reuermedi</span> <span class='ocrx_word' id='word_1_142' title='bbox 916 2587 987 2654; x_wconf 80' lang='lat' dir='ltr'>uiri</span> <span class='ocrx_word' id='word_1_143' title='bbox 1009 2587 1148 2654; x_wconf 77' lang='lat' dir='ltr'>lhanae</span> <span class='ocrx_word' id='word_1_144' title='bbox 1169 2587 1251 2656; x_wconf 82' lang='lat' dir='ltr'>Gale</span> <span class='ocrx_word' id='word_1_145' title='bbox 1271 2587 1330 2657; x_wconf 79' lang='lat' dir='ltr'>SS.</span> <span class='ocrx_word' id='word_1_146' title='bbox 1352 2587 1460 2655; x_wconf 76' lang='lat' dir='ltr'>Theoi.</span> <span class='ocrx_word' id='word_1_147' title='bbox 1481 2587 1564 2656; x_wconf 89' lang='lat' dir='ltr'>Pro-</span> 
     </span>
     <span class='ocr_line' id='line_1_21' title="bbox 414 2696 1564 2784; baseline -0.001 -19"><span class='ocrx_word' id='word_1_148' title='bbox 414 2698 555 2784; x_wconf 74' lang='lat' dir='ltr'>fessoris.</span> <span class='ocrx_word' id='word_1_149' title='bbox 571 2697 957 2767; x_wconf 79' lang='lat' dir='ltr'>IdcminSarisburiensi</span> <span class='ocrx_word' id='word_1_150' title='bbox 971 2697 1111 2780; x_wconf 72' lang='lat' dir='ltr'>quodm</span> <span class='ocrx_word' id='word_1_151' title='bbox 1121 2696 1564 2780; x_wconf 73' lang='lat' dir='ltr'>oodiccpraestititliaeerm-</span> 
     </span>
     <span class='ocr_line' id='line_1_22' title="bbox 416 2806 1565 2890; baseline -0.001 -17"><span class='ocrx_word' id='word_1_152' title='bbox 416 2809 479 2875; x_wconf 86' lang='lat' dir='ltr'>dus</span> <span class='ocrx_word' id='word_1_153' title='bbox 493 2810 531 2873; x_wconf 89' lang='lat' dir='ltr'>in</span> <span class='ocrx_word' id='word_1_154' title='bbox 548 2807 674 2875; x_wconf 83' lang='lat' dir='ltr'>Cbristc</span> <span class='ocrx_word' id='word_1_155' title='bbox 685 2806 786 2874; x_wconf 84' lang='lat' dir='ltr'>Pater</span> <span class='ocrx_word' id='word_1_156' title='bbox 796 2807 1000 2890; x_wconf 69' lang='lat' dir='ltr'>hauniensis</span> <span class='ocrx_word' id='word_1_157' title='bbox 1011 2807 1201 2890; x_wconf 75' lang='lat' dir='ltr'>Episcopus.</span> <span class='ocrx_word' id='word_1_158' title='bbox 1220 2807 1453 2875; x_wconf 76' lang='lat' dir='ltr'>Colhrtioeubm</span> <span class='ocrx_word' id='word_1_159' title='bbox 1466 2807 1565 2872; x_wconf 77' lang='lat' dir='ltr'>diam</span> 
     </span>
     <span class='ocr_line' id='line_1_23' title="bbox 416 2915 1565 2999; baseline -0.004 -13"><span class='ocrx_word' id='word_1_160' title='bbox 416 2916 569 2986; x_wconf 78' lang='lat' dir='ltr'>Codicum</span> <span class='ocrx_word' id='word_1_161' title='bbox 585 2917 729 2998; x_wconf 82' lang='lat' dir='ltr'>Thuani,</span> <span class='ocrx_word' id='word_1_162' title='bbox 749 2937 806 2985; x_wconf 88' lang='lat' dir='ltr'>nec</span> <span class='ocrx_word' id='word_1_163' title='bbox 820 2935 887 2984; x_wconf 85' lang='lat' dir='ltr'>nan</span> <span class='ocrx_word' id='word_1_164' title='bbox 900 2917 1118 2984; x_wconf 79' lang='lat' dir='ltr'>manubiorum</span> <span class='ocrx_word' id='word_1_165' title='bbox 1132 2917 1166 2986; x_wconf 79' lang='lat' dir='ltr'>S.</span> <span class='ocrx_word' id='word_1_166' title='bbox 1183 2917 1358 2984; x_wconf 76' lang='lat' dir='ltr'>Michaelis</span> <span class='ocrx_word' id='word_1_167' title='bbox 1371 2917 1410 2981; x_wconf 87' lang='lat' dir='ltr'>in</span> <span class='ocrx_word' id='word_1_168' title='bbox 1419 2915 1565 2999; x_wconf 62' lang='lat' dir='ltr'>meinric</span> 
     </span>
     <span class='ocr_line' id='line_1_24' title="bbox 413 3026 1564 3110; baseline -0.003 -14"><span class='ocrx_word' id='word_1_169' title='bbox 413 3030 527 3110; x_wconf 87' lang='lat' dir='ltr'>maris,</span> <span class='ocrx_word' id='word_1_170' title='bbox 543 3029 577 3098; x_wconf 79' lang='lat'>8.</span> <span class='ocrx_word' id='word_1_171' title='bbox 597 3029 733 3097; x_wconf 80' lang='lat' dir='ltr'>Victoris</span> <span class='ocrx_word' id='word_1_172' title='bbox 746 3029 959 3110; x_wconf 86' lang='lat' dir='ltr'>Parisiensis,</span> <span class='ocrx_word' id='word_1_173' title='bbox 975 3029 1008 3097; x_wconf 82' lang='lat' dir='ltr'>S.</span> <span class='ocrx_word' id='word_1_174' title='bbox 1022 3029 1143 3095; x_wconf 84' lang='lat' dir='ltr'>Mauri</span> <span class='ocrx_word' id='word_1_175' title='bbox 1159 3028 1412 3107; x_wconf 63' lang='lat' dir='ltr'>Focaeorum</span> <span class='ocrx_word' id='word_1_176' title='bbox 1428 3027 1462 3095; x_wconf 79' lang='lat'>8.</span> <span class='ocrx_word' id='word_1_177' title='bbox 1470 3026 1564 3094; x_wconf 88' lang='lat' dir='ltr'>Petri</span> 
     </span>
     <span class='ocr_line' id='line_1_25' title="bbox 418 3135 1566 3225; baseline -0.003 -19"><span class='ocrx_word' id='word_1_178' title='bbox 418 3138 615 3207; x_wconf 77' lang='lat' dir='ltr'>Cmbeiensis</span> <span class='ocrx_word' id='word_1_179' title='bbox 633 3140 706 3225; x_wconf 74' lang='lat' dir='ltr'>frui</span> <span class='ocrx_word' id='word_1_180' title='bbox 726 3140 840 3207; x_wconf 61' lang='lat' dir='ltr'>Mum</span> <span class='ocrx_word' id='word_1_181' title='bbox 860 3145 916 3220; x_wconf 62' lang='lat' dir='ltr'>aad</span> <span class='ocrx_word' id='word_1_182' title='bbox 940 3159 980 3207; x_wconf 84' lang='lat' dir='ltr'>ea</span> <span class='ocrx_word' id='word_1_183' title='bbox 1001 3140 1168 3224; x_wconf 67' lang='lat' dir='ltr'>mrrauhmi</span> <span class='ocrx_word' id='word_1_184' title='bbox 1190 3139 1391 3205; x_wconf 78' lang='lat' dir='ltr'>humanitate</span> <span class='ocrx_word' id='word_1_185' title='bbox 1405 3135 1566 3204; x_wconf 74' lang='lat' dir='ltr'>Reummr·</span> 
     </span>
     <span class='ocr_line' id='line_1_26' title="bbox 416 3247 1567 3318; baseline -0.003 -1"><span class='ocrx_word' id='word_1_186' title='bbox 416 3249 531 3317; x_wconf 83' lang='lat' dir='ltr'>dorum</span> <span class='ocrx_word' id='word_1_187' title='bbox 558 3249 697 3317; x_wconf 81' lang='lat' dir='ltr'>Petrum</span> <span class='ocrx_word' id='word_1_188' title='bbox 722 3251 1011 3318; x_wconf 85' lang='lat' dir='ltr'>Benedictinorum</span> <span class='ocrx_word' id='word_1_189' title='bbox 1037 3249 1192 3316; x_wconf 64' lang='lat' dir='ltr'>hidiae.</span> <span class='ocrx_word' id='word_1_190' title='bbox 1219 3248 1358 3316; x_wconf 84' lang='lat' dir='ltr'>Dernum</span> <span class='ocrx_word' id='word_1_191' title='bbox 1382 3247 1567 3315; x_wconf 72' lang='lat' dir='ltr'>cdiationes</span> 
     </span>
     <span class='ocr_line' id='line_1_27' title="bbox 418 3358 1567 3444; baseline -0.002 -17"><span class='ocrx_word' id='word_1_192' title='bbox 418 3361 541 3444; x_wconf 77' lang='lat' dir='ltr'>aliquot</span> <span class='ocrx_word' id='word_1_193' title='bbox 550 3361 701 3428; x_wconf 66' lang='grc' dir='ltr'>Οοᾶὶοιιοη</span> <span class='ocrx_word' id='word_1_194' title='bbox 717 3361 957 3441; x_wconf 72' lang='lat' dir='ltr'>Vaticareonem</span> <span class='ocrx_word' id='word_1_195' title='bbox 977 3361 1167 3429; x_wconf 85' lang='lat' dir='ltr'>Veronensis</span> <span class='ocrx_word' id='word_1_196' title='bbox 1177 3361 1288 3426; x_wconf 87' lang='lat' dir='ltr'>itidem</span> <span class='ocrx_word' id='word_1_197' title='bbox 1299 3364 1392 3442; x_wconf 74' lang='lat' dir='ltr'>atque</span> <span class='ocrx_word' id='word_1_198' title='bbox 1399 3358 1567 3426; x_wconf 76' lang='lat' dir='ltr'>Benacen-</span> 
     </span>
     <span class='ocr_line' id='line_1_28' title="bbox 417 3455 1567 3559; baseline -0.006 -20"><span class='ocrx_word' id='word_1_199' title='bbox 417 3475 500 3552; x_wconf 89' lang='lat' dir='ltr'>tani,</span> <span class='ocrx_word' id='word_1_200' title='bbox 526 3491 583 3539; x_wconf 87' lang='lat' dir='ltr'>neo</span> <span class='ocrx_word' id='word_1_201' title='bbox 608 3491 675 3537; x_wconf 87' lang='lat' dir='ltr'>non</span> <span class='ocrx_word' id='word_1_202' title='bbox 696 3469 795 3555; x_wconf 75' lang='lat' dir='ltr'>Reois</span> <span class='ocrx_word' id='word_1_203' title='bbox 817 3470 960 3550; x_wconf 82' lang='lat' dir='ltr'>Galliae,</span> <span class='ocrx_word' id='word_1_204' title='bbox 986 3455 1092 3545; x_wconf 66' lang='lat' dir='ltr'>dudio</span> <span class='ocrx_word' id='word_1_205' title='bbox 1118 3469 1310 3536; x_wconf 84' lang='lat' dir='ltr'>amicissimi</span> <span class='ocrx_word' id='word_1_206' title='bbox 1336 3469 1406 3534; x_wconf 86' lang='lat' dir='ltr'>uiri</span> <span class='ocrx_word' id='word_1_207' title='bbox 1426 3467 1567 3559; x_wconf 85' lang='lat' dir='ltr'>Domini</span> 
     </span>
     <span class='ocr_line' id='line_1_29' title="bbox 417 3578 1566 3668; baseline -0.006 -17"><span class='ocrx_word' id='word_1_208' title='bbox 417 3582 763 3668; x_wconf 57' lang='lat' dir='ltr'>nemausenses</span> <span class='ocrx_word' id='word_1_209' title='bbox 774 3581 1215 3666; x_wconf 72' lang='lat' dir='ltr'>opportuneperserebautur.</span> <span class='ocrx_word' id='word_1_210' title='bbox 1227 3579 1359 3667; x_wconf 83' lang='lat' dir='ltr'>apposui</span> <span class='ocrx_word' id='word_1_211' title='bbox 1370 3578 1566 3664; x_wconf 76' lang='lat' dir='ltr'>tuouuarba,</span> 
     </span>
     <span class='ocr_line' id='line_1_30' title="bbox 419 3691 1568 3780; baseline -0.004 -19"><span class='ocrx_word' id='word_1_212' title='bbox 419 3695 534 3780; x_wconf 88' lang='lat' dir='ltr'>quibus</span> <span class='ocrx_word' id='word_1_213' title='bbox 553 3695 630 3761; x_wconf 91' lang='lat' dir='ltr'>solis</span> <span class='ocrx_word' id='word_1_214' title='bbox 645 3693 684 3761; x_wconf 91' lang='lat' dir='ltr'>de</span> <span class='ocrx_word' id='word_1_215' title='bbox 698 3693 860 3761; x_wconf 85' lang='lat' dir='ltr'>codicibus</span> <span class='ocrx_word' id='word_1_216' title='bbox 875 3693 930 3777; x_wconf 89' lang='lat' dir='ltr'>qui</span> <span class='ocrx_word' id='word_1_217' title='bbox 945 3693 980 3758; x_wconf 89' lang='lat' dir='ltr'>ia</span> <span class='ocrx_word' id='word_1_218' title='bbox 994 3693 1133 3779; x_wconf 77' lang='lat' dir='ltr'>Angliae</span> <span class='ocrx_word' id='word_1_219' title='bbox 1146 3692 1350 3759; x_wconf 83' lang='lat' dir='ltr'>bibliothecis</span> <span class='ocrx_word' id='word_1_220' title='bbox 1365 3691 1568 3758; x_wconf 82' lang='lat' dir='ltr'>asseruautur</span> 
     </span>
     <span class='ocr_line' id='line_1_31' title="bbox 419 3799 1567 3883; baseline -0.006 -10"><span class='ocrx_word' id='word_1_221' title='bbox 419 3807 551 3873; x_wconf 89' lang='lat' dir='ltr'>constet.</span> <span class='ocrx_word' id='word_1_222' title='bbox 579 3805 768 3872; x_wconf 87' lang='lat' dir='ltr'>uetustiores</span> <span class='ocrx_word' id='word_1_223' title='bbox 789 3803 884 3870; x_wconf 90' lang='lat' dir='ltr'>aiibi</span> <span class='ocrx_word' id='word_1_224' title='bbox 908 3803 1056 3883; x_wconf 85' lang='lat' dir='ltr'>tuissent,</span> <span class='ocrx_word' id='word_1_225' title='bbox 1085 3823 1122 3871; x_wconf 85' lang='lat' dir='ltr'>ex</span> <span class='ocrx_word' id='word_1_226' title='bbox 1144 3802 1409 3871; x_wconf 84' lang='lat' dir='ltr'>bibliothecarum</span> <span class='ocrx_word' id='word_1_227' title='bbox 1434 3799 1567 3868; x_wconf 84' lang='lat' dir='ltr'>latebris</span> 
     </span>
     <span class='ocr_line' id='line_1_32' title="bbox 419 3912 1568 4001; baseline -0.005 -19"><span class='ocrx_word' id='word_1_228' title='bbox 419 3916 555 3984; x_wconf 85' lang='lat' dir='ltr'>editores</span> <span class='ocrx_word' id='word_1_229' title='bbox 576 3935 639 4001; x_wconf 87' lang='lat' dir='ltr'>qua</span> <span class='ocrx_word' id='word_1_230' title='bbox 658 3917 733 3983; x_wconf 90' lang='lat' dir='ltr'>suut</span> <span class='ocrx_word' id='word_1_231' title='bbox 754 3915 903 4001; x_wconf 80' lang='lat' dir='ltr'>diligenti</span> <span class='ocrx_word' id='word_1_232' title='bbox 924 3932 1000 3981; x_wconf 85' lang='lat' dir='ltr'>cura</span> <span class='ocrx_word' id='word_1_233' title='bbox 1021 3914 1090 3982; x_wconf 90' lang='lat' dir='ltr'>sins</span> <span class='ocrx_word' id='word_1_234' title='bbox 1112 3915 1209 3981; x_wconf 93' lang='lat' dir='ltr'>dubio</span> <span class='ocrx_word' id='word_1_235' title='bbox 1223 3912 1440 3998; x_wconf 86' lang='lat' dir='ltr'>protulissent.</span> <span class='ocrx_word' id='word_1_236' title='bbox 1466 3928 1568 3996; x_wconf 86' lang='lat' dir='ltr'>usque</span> 
     </span>
     <span class='ocr_line' id='line_1_33' title="bbox 420 4021 1568 4114; baseline -0.005 -21"><span class='ocrx_word' id='word_1_237' title='bbox 420 4025 475 4109; x_wconf 83' lang='lat' dir='ltr'>qui</span> <span class='ocrx_word' id='word_1_238' title='bbox 488 4028 562 4112; x_wconf 90' lang='lat' dir='ltr'>post</span> <span class='ocrx_word' id='word_1_239' title='bbox 576 4045 628 4094; x_wconf 92' lang='lat' dir='ltr'>eos</span> <span class='ocrx_word' id='word_1_240' title='bbox 638 4025 776 4114; x_wconf 81' lang='lat' dir='ltr'>hugliae</span> <span class='ocrx_word' id='word_1_241' title='bbox 790 4026 1001 4095; x_wconf 85' lang='lat' dir='ltr'>bibliothecas</span> <span class='ocrx_word' id='word_1_242' title='bbox 1014 4027 1232 4111; x_wconf 87' lang='lat' dir='ltr'>perscrutatus</span> <span class='ocrx_word' id='word_1_243' title='bbox 1247 4025 1296 4090; x_wconf 91' lang='lat' dir='ltr'>est</span> <span class='ocrx_word' id='word_1_244' title='bbox 1305 4021 1412 4090; x_wconf 86' lang='lat' dir='ltr'>Bouth</span> <span class='ocrx_word' id='word_1_245' title='bbox 1428 4021 1568 4089; x_wconf 87' lang='lat' dir='ltr'>codicem</span> 
     </span>
     <span class='ocr_line' id='line_1_34' title="bbox 420 4130 1567 4223; baseline -0.005 -19"><span class='ocrx_word' id='word_1_246' title='bbox 420 4136 476 4222; x_wconf 90' lang='lat' dir='ltr'>qui</span> <span class='ocrx_word' id='word_1_247' title='bbox 505 4137 667 4207; x_wconf 85' lang='lat' dir='ltr'>saeculum</span> <span class='ocrx_word' id='word_1_248' title='bbox 696 4137 856 4206; x_wconf 88' lang='lat' dir='ltr'>decimum</span> <span class='ocrx_word' id='word_1_249' title='bbox 885 4137 992 4206; x_wconf 88' lang='lat' dir='ltr'>aetate</span> <span class='ocrx_word' id='word_1_250' title='bbox 1020 4137 1183 4223; x_wconf 85' lang='lat' dir='ltr'>superaret</span> <span class='ocrx_word' id='word_1_251' title='bbox 1211 4135 1317 4220; x_wconf 87' lang='lat' dir='ltr'>potuit</span> <span class='ocrx_word' id='word_1_252' title='bbox 1341 4133 1483 4201; x_wconf 89' lang='lat' dir='ltr'>inuenire</span> <span class='ocrx_word' id='word_1_253' title='bbox 1513 4130 1567 4218; x_wconf 85' lang='lat' dir='ltr'>(ci.</span> 
     </span>
     <span class='ocr_line' id='line_1_35' title="bbox 421 4240 1567 4335; baseline -0.012 -14"><span class='ocrx_word' id='word_1_254' title='bbox 421 4249 540 4335; x_wconf 71' lang='lat' dir='ltr'>eamr.</span> <span class='ocrx_word' id='word_1_255' title='bbox 557 4251 660 4320; x_wconf 73' lang='lat' dir='ltr'>acm.</span> <span class='ocrx_word' id='word_1_256' title='bbox 677 4249 832 4334; x_wconf 70' lang='lat' dir='ltr'>spissata</span> <span class='ocrx_word' id='word_1_257' title='bbox 839 4248 1025 4332; x_wconf 71' lang='lat' dir='ltr'>prumiam</span> <span class='ocrx_word' id='word_1_258' title='bbox 1039 4246 1199 4330; x_wconf 64' lang='lat' dir='ltr'>quomam</span> <span class='ocrx_word' id='word_1_259' title='bbox 1213 4244 1309 4313; x_wconf 85' lang='lat' dir='ltr'>Cron.</span> <span class='ocrx_word' id='word_1_260' title='bbox 1328 4245 1412 4313; x_wconf 80' lang='lat'>1858</span> <span class='ocrx_word' id='word_1_261' title='bbox 1427 4264 1458 4331; x_wconf 85' lang='lat' dir='ltr'>p.</span> <span class='ocrx_word' id='word_1_262' title='bbox 1476 4240 1567 4328; x_wconf 87' lang='lat'>841).</span> 
     </span>
     <span class='ocr_line' id='line_1_36' title="bbox 420 4351 1570 4444; baseline -0.008 -16"><span class='ocrx_word' id='word_1_263' title='bbox 420 4362 591 4430; x_wconf 91' lang='lat' dir='ltr'>dolendum</span> <span class='ocrx_word' id='word_1_264' title='bbox 603 4361 787 4430; x_wconf 77' lang='lat' dir='ltr'>esthllum</span> <span class='ocrx_word' id='word_1_265' title='bbox 801 4377 858 4444; x_wconf 85' lang='lat' dir='ltr'>pro</span> <span class='ocrx_word' id='word_1_266' title='bbox 871 4378 960 4426; x_wconf 91' lang='lat' dir='ltr'>mora</span> <span class='ocrx_word' id='word_1_267' title='bbox 974 4359 1065 4426; x_wconf 89' lang='lat' dir='ltr'>illius</span> <span class='ocrx_word' id='word_1_268' title='bbox 1083 4357 1197 4426; x_wconf 77' lang='lat' dir='ltr'>mistis</span> <span class='ocrx_word' id='word_1_269' title='bbox 1212 4373 1293 4440; x_wconf 86' lang='lat' dir='ltr'>quae</span> <span class='ocrx_word' id='word_1_270' title='bbox 1301 4355 1336 4422; x_wconf 91' lang='lat' dir='ltr'>iu</span> <span class='ocrx_word' id='word_1_271' title='bbox 1347 4351 1570 4422; x_wconf 83' lang='lat' dir='ltr'>exhauriendis</span> 
     </span>
    </p>
   </div>
   <div class='ocr_carea' id='block_1_3' title="bbox 0 0 2025 5056">
    <p class='ocr_par' dir='ltr' id='par_1_3' title="bbox 0 0 2025 5056">
     <span class='ocr_line' id='line_1_37' title="bbox 0 0 2025 5056; baseline 0 0"><span class='ocrx_word' id='word_1_272' title='bbox 0 0 2025 5056; x_wconf 95' lang='lat' dir='ltr'> </span> 
     </span>
    </p>
   </div>
  </div>
 </body>
</html>
