4016 5054
643 477 689 531 lle
706 476 964 545 singularitate
982 476 1186 529 elericorum
1205 491 1228 530 e.
1247 473 1360 529 36-38.
1505 481 1569 544 213

431 635 526 695 enim
548 634 643 694 utile
665 635 731 708 ost,
752 633 826 694 nisi
847 633 883 693 in
898 631 1177 695 subuersionem
1199 629 1441 693 audientium.
1464 631 1571 694 solli·

431 738 505 798 eite
520 754 607 797 eure
621 731 657 797 t'e
676 737 795 811 ipsum
815 735 1236 811 prooeoilemexnioors
1252 735 1335 807 Deo,
1358 735 1570 808 operarium

431 837 827 913 inreprehensibilem,
841 843 947 898 reete
969 839 1198 898 tractantem
1213 837 1362 897 uerbum
1376 837 1569 897 ueritatis.

431 941 692 1002 stulteeutem
713 943 751 1000 et
772 939 898 1000 inenie
928 939 1078 1014 eloquin
1109 939 1252 999 deuito:
1287 940 1443 1000 multum
1476 939 1569 1000 enim

410 1043 642 1120 spretioiunt
663 1045 705 1103 ed
727 1042 961 1118 impietatem
984 1045 1023 1102 et
1044 1058 1163 1103 sermo
1185 1058 1309 1102 eorum
1324 1041 1422 1101 siout
1437 1057 1570 1102 esueer

432 1147 564 1222 serpit.
576 1149 661 1220 etque
677 1149 710 1206 ut
724 1147 891 1206 ostenderet
904 1144 1017 1206 oleriois
1033 1143 1222 1218 disponendis
1237 1145 1274 1204 ed
1289 1143 1470 1204 eueoueudes
1480 1161 1569 1216 quee-

431 1248 539 1309 stiones
554 1265 627 1322 queo
641 1249 682 1308 sit
696 1247 827 1308 doctrine
840 1247 1024 1320 eonueniens,
1048 1247 1137 1306 etiem
1153 1246 1219 1308 Tito
1240 1245 1284 1306 sio
1305 1245 1433 1305 insinuet
1454 1245 1568 1306 diesne:

432 1354 470 1410 tu
499 1352 618 1410 eutem
645 1350 794 1423 loquere
829 1367 922 1423 quse
956 1350 1187 1410 oouueniunt
1218 1364 1330 1408 senes
1365 1349 1570 1423 doetrinae,

431 1451 592 1512 mniores
613 1455 701 1510 netu
723 1451 871 1523 sobrios
893 1467 990 1524 esse,
1022 1451 1246 1526 prudentes,
1284 1468 1395 1511 senos
1416 1451 1452 1509 in
1480 1451 1569 1525 fide,

397 1552 469 1612 roin
490 1553 660 1626 eoritets,
683 1553 721 1612 in
742 1553 938 1628 patientie
959 1553 1120 1613 sineere
1144 1568 1214 1634 ergo
1235 1553 1399 1612 auditiones
1421 1552 1569 1626 simpliees

432 1655 612 1716 oboedientis
637 1658 735 1716 uestre
759 1655 901 1730 suscipiet
926 1659 956 1716 et
983 1653 1171 1728 uorsipellom
1193 1654 1453 1714 oontrudietionum
1478 1654 1569 1714 uitete

431 1756 586 1817 fallacinm.
602 1774 706 1830 purum
719 1757 777 1816 iter
790 1758 898 1817 uostris
924 1758 1074 1831 gressibus
1101 1757 1237 1817 muudete
1264 1759 1294 1816 et
1319 1772 1410 1829 supro
1424 1756 1523 1829 spineo
1538 1761 1569 1816 et

431 1859 556 1919 tribulos
570 1858 660 1919 nolite
675 1859 796 1932 euleere,
812 1875 850 1919 ne
864 1859 971 1919 bonurn
986 1875 1084 1919 semen
1099 1875 1157 1919 non
1171 1859 1265 1933 pessit
1279 1858 1362 1918 uobis
1376 1863 1494 1933 propter
1507 1857 1569 1933 spi-

432 1979 534 2020 uorum
556 1960 677 2020 frutioes
697 1961 863 2021 senetitetis
886 1962 1000 2022 fruetus
1022 1962 1133 2021 efferre.
1156 1963 1231 2020 unde
1253 1961 1394 2035 prophete
1409 1961 1571 2020 Hieremias

399 2083 424 2123 rs
435 2061 477 2121 sio
490 2063 622 2122 hortetur
636 2065 666 2120 et
681 2063 764 2122 dooet
778 2061 892 2144 dioens:
922 2062 1063 2136 nolite,
1087 2061 1197 2136 inquit,
1235 2077 1360 2121 serere
1382 2062 1419 2120 iu
1441 2062 1570 2136 spinis.

433 2163 689 2223 eiroumeidite
713 2179 776 2223 uos
798 2163 869 2223 Deo
892 2165 1031 2234 uestro,
1055 2163 1312 2223 eireumoidite
1334 2163 1570 2237 praeputium

434 2265 560 2325 eordis
582 2265 712 2324 nestri.
744 2264 919 2324 ebseidende
945 2267 1014 2324 sunt
1040 2281 1108 2339 orgo
1131 2265 1166 2324 de
1181 2281 1251 2338 egro
1267 2266 1365 2324 uestro
1379 2268 1484 2325 ennete
1498 2281 1572 2338 queo

435 2383 561 2441 pungere
573 2368 604 2425 et
612 2367 738 2426 leoerere
750 2368 970 2439 ooneueuerunt,
982 2383 1018 2424 ne
1030 2367 1142 2426 enimus
1154 2366 1338 2440 egrieultoris
1348 2367 1380 2425 in
1391 2365 1572 2441 possessione

435 2485 488 2527 sue
501 2466 636 2542 malignis
651 2467 782 2528 sentibus
796 2467 951 2528 inseretur.
979 2470 1010 2528 et
1037 2468 1213 2542 emputende
1238 2471 1307 2529 sunt
1333 2467 1416 2528 uobis
1438 2468 1573 2528 uniuerso

399 2584 631 2643 soqueeeumque
646 2568 763 2642 igniferi
778 2568 888 2629 fomitis
914 2569 1157 2643 sulphurantibus
1183 2569 1305 2629 mulmis
1332 2572 1448 2630 sentens
1470 2571 1573 2630 fornax

433 2669 601 2730 ebullientis
616 2670 711 2729 cernis
727 2672 888 2742 exaestuet,
918 2687 954 2728 ne
983 2669 1031 2730 uel
1058 2670 1154 2730 tennis
1180 2671 1296 2746 quidem
1312 2671 1443 2731 suintille
1456 2674 1574 2732 seruete

434 2773 544 2832 meiere
559 2772 662 2831 oonilet
676 2772 817 2832 incendis.
833 2774 910 2846 quod
924 2771 1060 2833 Salomon
1075 2774 1243 2834 manifestet
1257 2773 1375 2834 diosus:
1405 2775 1448 2833 eb
1474 2776 1528 2836 soi
1537 2792 1572 2833 u-

432 2873 521 2931 tillo
550 2891 619 2932 une
647 2875 808 2946 augetur
837 2874 949 2948 ignis.
981 2875 1284 2936 euertiteoeoesiones
1307 2877 1436 2951 inpurus,
1466 2875 1571 2950 quibus

432 2974 570 3034 interiore
584 2975 710 3049 pectoris
723 2978 921 3049 penetrentur,
944 2979 978 3036 ut
993 2976 1106 3050 liquide
1126 2978 1157 3035 in
1171 2976 1255 3037 uobis
1269 2977 1463 3051 perspieuites
1477 2976 1570 3036 bono-

397 3098 424 3140 es
433 3079 522 3136 retur.
550 3076 676 3137 eoutenti
690 3079 783 3138 estote
803 3077 1037 3152 siuguluritetem
1050 3077 1224 3140 loboriosem
1239 3095 1291 3154 pro
1305 3080 1414 3154 pudore
1429 3083 1570 3141 serrendo

433 3179 530 3252 potius
545 3178 699 3250 sustinere,
715 3197 802 3253 quem
817 3179 880 3240 sine
895 3179 994 3240 labore
1010 3181 1047 3240 ed
1062 3181 1186 3241 dedeeus
1201 3181 1361 3254 peruenire.

477 3280 717 3355 Contemplemini
732 3282 801 3356 quid
816 3281 857 3342 sit
870 3282 977 3356 populo
989 3286 1090 3342 saneto
1106 3299 1238 3356 proeesse
1254 3285 1284 3343 et
1295 3283 1474 3344 eousiderete
1487 3283 1571 3358 quele
1581 3277 1622 3338 38

433 3382 474 3441 sit
488 3381 595 3442 diuinis
610 3385 801 3443 seeiumentis
822 3383 968 3444 insistere.
1000 3384 1115 3444 altariis
1137 3385 1251 3458 plaeere
1266 3384 1372 3445 debent
1393 3386 1443 3459 qui
1458 3385 1571 3446 slteriie

500 3629 590 3687 suit.
608 3631 634 3693 2,
652 3631 676 3683 1.
781 3631 816 3684 15
833 3630 906 3684 Hier.
924 3631 951 3696 4,
968 3631 994 3685 3.
1012 3632 1037 3686 4.
1143 3633 1179 3686 22
1195 3631 1246 3689 sir.
1266 3634 1307 3697 11,
1325 3633 1367 3688 32.

501 3833 519 3887 3
536 3836 608 3888 reete
626 3849 661 3888 eu
677 3849 706 3888 re
723 3834 747 3891 0
762 3851 796 3888 oo.
816 3837 836 3888 2
994 3835 1027 3889 11
1046 3835 1177 3905 suscipiet
1194 3854 1212 3893 e
1369 3838 1402 3892 12
1421 3853 1500 3905 super
1517 3854 1535 3893 e

435 3919 469 3973 13
486 3919 620 3974 seminero
636 3919 682 3974 uel
699 3920 835 3976 eeleereo
963 3924 1076 3991 propter
1093 3922 1117 3977 0
1133 3939 1154 3977 e.
1174 3923 1192 3978 l.
1211 3925 1284 3977 os.2
1410 3923 1537 3992 spinueo

434 4005 469 4058 14
486 4004 654 4061 fruetieesG
820 4007 852 4060 17
870 4005 1052 4061 abscindenda
1068 4024 1087 4062 e
1251 4009 1341 4062 uestm
1362 4008 1393 4074 0,
1409 4011 1537 4064 nostroe

434 4090 718 4146 mensurnam
743 4093 780 4159 G,
806 4093 899 4146 omuie
921 4091 1042 4148 nobise
1214 4093 1250 4148 20
1271 4093 1539 4163 sulphoruntibueO

432 4177 587 4232 tineent.
610 4177 634 4233 0
739 4177 776 4232 23
792 4181 884 4233 euerte
906 4177 940 4232 0¹
1045 4178 1081 4232 28
1098 4179 1205 4232 elteriis
1223 4180 1332 4248 scripsi,
1349 4178 1482 4233 alteribus
1499 4180 1571 4234 coni.

433 4259 579 4399 gneum,
596 4262 690 4317 ulteris
708 4262 748 4320 Oe
834 4261 971 4319 debebunt
992 4262 1028 4319 0¹
1119 4264 1214 4320 ulteris
1235 4265 1282 4329 Oe,
1300 4264 1333 4320 de
1351 4263 1483 4320 ultoribus
1500 4266 1574 4321 oeni.

398 4355 399 4360 ’
454 4347 568 4401 'nomm
