4014 5056
430 437 458 485 11

431 571 568 655 alioqrrn
579 570 617 638 de
627 571 767 638 codicum
779 567 1408 656 singulorumpraestautiaaccognaticne
1420 568 1562 653 quaestio

431 681 552 747 facilior
570 683 627 748 fiat
646 683 741 765 atoue
760 682 946 748 mendorum
966 680 1300 762 interpoleticnumque
1320 680 1402 745 nube
1421 679 1564 745 dbcmsa

430 792 606 860 certbsime
626 793 680 858 uia
700 792 860 875 scriptoris
879 790 1015 876 uestigia
1030 791 1062 854 et
1076 807 1256 874 cognoscere
1275 788 1431 872 possimus
1446 790 1479 854 et
1491 807 1564 871 per·

430 904 527 986 sequi.
554 905 602 970 est
623 921 697 969 uero
720 903 823 968 minor
848 921 977 984 opemm
1001 919 1083 984 pars,
1111 900 1214 966 libelli
1238 899 1302 966 fere
1328 919 1434 966 omues
1459 900 1562 982 priore

430 1012 579 1080 fasciculo
596 1013 683 1092 editi,
705 1013 759 1096 qui
774 1011 999 1078 uetustissimis
1013 1012 1080 1076 illis
1094 1011 1252 1077 codicibus
1267 1009 1461 1077 exhibentur.
1484 1027 1561 1092 quos

429 1123 475 1188 ibi
490 1142 562 1190 cum
577 1125 670 1190 duces
684 1123 863 1202 habeamus,
878 1121 938 1187 boe
951 1122 1078 1206 negotio
1093 1122 1293 1207 supersedere
1306 1121 1372 1186 iam
1386 1137 1561 1203 possumus,

430 1235 467 1299 ut
481 1235 672 1318 reliquorum
698 1233 851 1313 codicum,
875 1235 970 1316 prout
994 1234 1050 1299 aut
1076 1233 1252 1317 conspirant
1276 1231 1405 1298 interae
1420 1233 1476 1296 aut
1497 1230 1564 1296 dis-

429 1346 565 1427 crepant,
593 1344 731 1412 familias
756 1342 985 1422 describamus3
1011 1363 1086 1410 nam
1107 1343 1141 1409 in
1161 1344 1202 1411 iis
1224 1342 1311 1422 locis,
1338 1343 1445 1425 qualos
1469 1340 1562 1426 pauci

430 1455 513 1533 sunt,
534 1453 589 1519 ubi
604 1455 793 1536 optimorum
807 1454 941 1520 testium
956 1452 1072 1519 auxilio
1088 1453 1234 1519 destituti
1248 1473 1285 1519 cx
1299 1442 1429 1536 reliquis
1444 1452 1561 1519 codici-

428 1562 488 1628 bus
507 1564 603 1630 uerba
617 1563 845 1630 constituamus
858 1582 982 1631 necesso
997 1564 1055 1643 est,
1076 1563 1183 1630 nullus
1198 1584 1278 1630 unus
1293 1563 1388 1628 codex
1402 1563 1458 1629 aut
1472 1562 1562 1629 nulla

428 1692 490 1738 una
515 1674 657 1740 codicum
682 1673 804 1738 familia
829 1674 874 1738 sic
895 1693 970 1756 prae
994 1674 1105 1740 cotorb
1131 1675 1265 1756 excellit,
1293 1672 1330 1738 ut
1352 1674 1385 1739 in
1410 1673 1562 1758 eligendis

427 1782 601 1866 scripturis¹
618 1801 751 1866 quarum
765 1783 855 1850 nulle
868 1801 928 1849 non
940 1802 996 1866 per
1006 1801 1039 1848 se
1051 1783 1129 1850 setis
1144 1782 1315 1868 probabilis
1328 1781 1436 1848 haberi
1450 1783 1560 1868 possit,

427 1907 464 1955 ea
485 1893 670 1960 auctoritate
695 1894 849 1960 iudicium
873 1893 1010 1978 regabn
1036 1894 1189 1976 epistulae
1215 1895 1320 1959 autem
1346 1912 1418 1960 cum
1443 1913 1561 1978 paucae

426 2001 550 2068 tantum
571 2002 604 2068 in
624 2003 781 2070 codicibus
801 2003 868 2086 pari
889 2003 1047 2070 uetustate
1070 2005 1281 2070 mamendatis
1302 2005 1432 2084 entem,
1457 2007 1562 2088 prius·

427 2129 521 2192 quam
536 2114 707 2193 tententur,
722 2116 842 2180 codices
858 2116 912 2197 qui
928 2113 1069 2197 equibus
1083 2115 1259 2198 archetypis
1274 2133 1329 2197 per
1343 2134 1420 2197 quas
1435 2115 1562 2181 uioisd

426 2221 551 2287 tudinos
580 2225 667 2289 ducti
697 2224 761 2289 sint
789 2225 933 2290 suberete
962 2223 1077 2288 debent
1106 2225 1301 2308 circumspici
1327 2225 1360 2290 et
1384 2225 1559 2308 ponderari.

426 2331 643 2414 progredimur
671 2333 771 2417 igitur
796 2333 836 2397 ad
860 2333 998 2414 primum
1022 2334 1116 2398 huien
1142 2333 1361 2416 wambonis
1389 2337 1491 2416 eaput,
1523 2334 1560 2399 ut

426 2441 584 2522 explorata
597 2443 794 2527 singulorum
809 2443 951 2508 ecdieum
965 2444 1080 2509 natura
1094 2462 1154 2526 qua
1168 2444 1288 2510 mtioue
1300 2445 1340 2509 ed
1352 2443 1558 2510 emendandos

425 2549 549 2616 libellos
570 2569 647 2632 quos
661 2549 833 2636 Cyprianus
855 2554 948 2619 uocat
970 2553 1123 2620 tmctatm
1144 2553 1239 2639 uulgo
1259 2553 1430 2636 appellatos
1453 2554 1499 2620 eis
1514 2554 1558 2620 sit

425 2661 576 2726 utendum
591 2680 787 2743 quaeramus.

801 2965 948 3086 Caput
976 2966 1187 3087 primum.

280 3238 397 3296 (mim
466 3212 571 3296 Atque
600 3213 693 3282 inter¹
712 3231 817 3280 omnes
843 3213 964 3280 codices
989 3215 1128 3297 primum
1153 3213 1257 3280 locum
1283 3214 1315 3278 et
1340 3213 1500 3280 uetustm
1526 3215 1559 3280 et

329 3323 351 3391 S
423 3322 605 3406 indemitate
619 3323 740 3388 obtinet
755 3325 849 3389 codex
860 3323 1091 3408 Seguieiianua
1106 3343 1188 3390 nunc
1203 3324 1388 3389 Parisieusis
1404 3345 1434 3389 n.
1453 3325 1559 3391 10592

425 3431 480 3522 (=
502 3431 609 3518 Suppl.
631 3433 701 3500 Lat.
726 3435 803 3519 712)
826 3461 866 3494 =
888 3433 918 3500 S.
945 3435 1027 3502 hune
1053 3434 1172 3500 librum
1198 3454 1269 3500 cum
1295 3434 1347 3500 hic
1371 3435 1439 3501 illic
1460 3436 1561 3502 inter·

423 3543 691 3626 polatissimorum
712 3546 749 3610 ut
769 3547 838 3611 erat
862 3547 982 3610 amator
1007 3545 1159 3610 librorum
1180 3545 1328 3611 Baluaius
1354 3545 1560 3626 adhibuisset,

423 3653 463 3718 ad
487 3653 611 3720 libellos
631 3653 688 3719 IV.
710 3653 749 3719 V.
772 3653 828 3720 Vl.
852 3653 925 3720 VII.
952 3655 1161 3738 discrepantes
1187 3654 1252 3721 eius
1277 3655 1446 3738 scripturas
1471 3657 1562 3723 taum

423 3764 621 3849 neglegentia
641 3765 807 3847 adscripsit
821 3764 1000 3851 Krabinger
1020 3769 1137 3849 quauta
1156 3785 1207 3833 eas
1227 3767 1393 3852 diligentia
1408 3787 1443 3834 er
1458 3768 1563 3834 codice

424 3872 586 3940 Woelfflin
607 3875 822 3959 descripserat,
849 3878 937 3943 cuius
958 3879 1003 3944 rei
1023 3878 1057 3944 in
1071 3878 1174 3945 multe
1193 3879 1289 3944 incidi
1311 3881 1461 3964 exempla,
1488 3898 1561 3945 cum

424 3984 620 4052 abacorum
631 3987 722 4053 illam
733 4007 828 4071 quam
838 3988 922 4055 inter
931 3988 1120 4074 Krebingeri
1134 4008 1230 4054 manu
1244 3991 1359 4072 scripta
1374 3990 1562 4056 bibliotheca

423 4095 617 4162 Monacensis
643 4100 782 4164 aeseruat
807 4098 1001 4184 inspicerem.
1029 4099 1096 4182 ipse
1117 4119 1145 4165 a.
1170 4099 1254 4165 1866
1277 4101 1309 4165 et
1332 4100 1415 4166 1868
1430 4100 1561 4167 Parisiis

425 4209 633 4274 commoratus
655 4229 728 4276 cum
751 4211 868 4278 ceteros
883 4210 1074 4278 Parisicnscs
1097 4211 1216 4278 codices
1238 4211 1308 4278 tum
1323 4211 1562 4298 Segniorianum

425 4335 549 4384 summa
562 4337 624 4402 qua
635 4321 683 4388 est
693 4320 808 4408 dignus
823 4341 898 4390 cura
913 4324 1043 4392 excusi.
1059 4324 1148 4392 cuius
1162 4323 1237 4391 libri
1251 4323 1368 4391 litteris
1383 4323 1559 4392 uncialibus
