4012 5056
741 431 787 486 De
805 430 892 486 bono
911 431 1111 502 pudicitiae
1129 448 1151 487 c.
1172 432 1290 490 12-14.
1546 441 1588 503 25

443 593 584 652 uultibus.
608 606 701 650 eermc
724 599 753 649 et
767 590 866 650 breuis
881 590 922 650 eit
938 595 968 650 et
982 591 1095 650 sobrius
1110 591 1197 663 risus,
1219 586 1334 667 signem
1349 595 1395 652 eet
1410 592 1485 652 eninr
1501 593 1589 652 enimi

443 694 541 754 fecilie
562 695 592 754 et
611 690 741 753 remissi:
764 710 831 752 nenr
852 695 1002 752 contectus
1022 693 1139 753 recedet
1160 694 1249 754 etiem
1262 694 1412 754 honestes.
1434 692 1507 752 nihil
1526 710 1589 754 ccr-

443 796 507 870 pori
526 796 628 868 liceat,
657 794 706 854 nbi
727 794 795 868 qnid
818 794 968 853 niernum
988 797 1034 854 est
1056 794 1185 868 corporie
1206 795 1318 856 uitium.
1343 795 1486 869 cogitetur
1504 813 1588 868 quern

443 898 597 958 honesturn
612 897 652 956 eit
666 896 773 957 nicieee
788 895 922 968 dedecus,
939 914 1026 971 qnenr
1041 897 1226 957 inhonestum
1239 897 1348 957 nictum
1364 913 1429 957 esee
1443 897 1589 957 dedecore.

422 1021 433 1054 s
486 1000 643 1071 Dicendum
670 999 767 1070 etiem,
794 998 871 1072 qued
896 998 1072 1058 adulterium
1098 999 1234 1073 uoluptas
1260 1002 1393 1072 nonest,
1414 999 1464 1060 sed
1487 997 1639 1059 munere

442 1101 633 1164 contumelia:
656 1115 708 1160 nec
732 1098 877 1160 delectare
901 1101 999 1174 peteet
1025 1102 1100 1174 quod
1121 1103 1151 1160 et
1170 1100 1294 1160 animem
1314 1100 1470 1161 interficiet
1490 1105 1521 1160 et
1534 1117 1588 1174 pn·

443 1204 549 1266 dorem.
573 1205 703 1262 coercent
729 1201 842 1262 enimus
865 1202 1000 1261 stimulos
1021 1202 1126 1274 cernis,
1151 1202 1277 1263 refrenet
1297 1203 1436 1276 impetum
1451 1203 1588 1275 corporis.

441 1303 553 1376 eccepit
572 1303 649 1363 eninr
671 1305 747 1365 hene
766 1306 951 1379 potestatem,
975 1308 1008 1364 nt
1022 1303 1068 1363 illi
1082 1305 1118 1364 ed
1135 1304 1287 1379 imperinm
1303 1303 1366 1365 eine
1381 1305 1510 1365 membre
1525 1321 1587 1364 ser-

323 1389 326 1394 *
441 1403 546 1475 uirent,
562 1407 592 1464 et
606 1405 688 1479 qnesi
703 1405 852 1478 legitimus
868 1423 902 1465 ec
916 1405 1065 1480 perfectus
1081 1407 1183 1480 enrige
1201 1405 1282 1466 ultre
1295 1423 1446 1467 concessos
1461 1408 1587 1480 corperis

407 1507 533 1566 remotes
554 1505 725 1567 extollentes
745 1523 777 1566 se
799 1508 894 1568 cernis
910 1509 1034 1582 impetus
1050 1507 1217 1569 cecleetinm
1233 1512 1450 1584 praeceptorum
1465 1509 1587 1568 habenis

442 1607 579 1682 reflectet,
606 1625 643 1666 ne
663 1609 741 1667 ultre
765 1607 904 1669 terminer
925 1625 992 1669 snoe
1013 1627 1116 1669 currus
1132 1610 1188 1670 iete
1204 1612 1330 1683 corporis
1346 1613 1448 1684 reptus
1464 1609 1494 1668 in
1510 1611 1587 1683 peri·

441 1709 537 1769 cnlum
553 1725 636 1769 sunm
651 1727 750 1770 secum
764 1713 795 1770 et
810 1711 905 1784 ipeem
920 1711 1016 1785 repiet
1031 1713 1172 1786 errrigenr.
1195 1713 1247 1771 eed
1262 1713 1338 1771 inter
1353 1713 1433 1782 heec,
1457 1712 1542 1772 imme
1558 1715 1588 1772 et

440 1813 507 1870 ente
528 1812 610 1882 haec,
637 1814 738 1871 contre
758 1813 859 1871 tnrbee
880 1816 911 1873 et
932 1814 1006 1873 nitie
1025 1815 1121 1872 omnie
1141 1815 1176 1873 de
1200 1814 1307 1874 diuinis
1322 1813 1427 1873 cestrie
1442 1813 1581 1874 enxilinm

440 1913 595 1986 petendum
616 1916 677 1973 eet:
700 1914 780 1973 solue
801 1916 847 1974 eet
866 1915 942 1973 enirn
963 1919 1066 1988 potens
1081 1915 1159 1974 Ilene
1179 1915 1230 1988 qni
1245 1913 1375 1975 homines
1390 1915 1527 1988 ngmtus
1542 1919 1588 1973 est

406 2034 429 2072 re
440 2013 533 2075 iecere
547 2017 577 2074 et
592 2014 678 2089 plene
693 2015 856 2075 horninibus
872 2017 980 2076 erixilie
995 2020 1154 2090 praestare.
1179 2033 1232 2090 ego
1253 2033 1346 2090 peuce
1368 2015 1486 2087 dicteni,
1514 2033 1586 2088 qno-

440 2117 518 2176 niem
540 2135 596 2177 non
619 2121 665 2179 eet
678 2120 858 2194 propositum
874 2119 1020 2179 uolumine
1040 2118 1177 2191 scribere,
1198 2121 1248 2178 sed
1263 2119 1473 2179 allocutionem
1489 2121 1584 2177 trene-

441 2219 563 2279 mittere.
587 2237 640 2280 noe
667 2220 823 2294 scripturas
852 2221 990 2294 aspicite,
1019 2221 1149 2295 exempla
1170 2220 1252 2280 uenis
1273 2219 1402 2294 deipsis
1425 2221 1587 2294 praeceptis

439 2323 525 2381 hnine
541 2322 582 2382 rei
598 2322 708 2382 meiere
723 2321 894 2396 conquirite.
919 2322 1024 2381 lmtree
1040 2322 1193 2392 cerieeirni,
1209 2323 1280 2381 bene
1296 2324 1401 2382 uelete.

511 2604 527 2659 1
547 2617 650 2656 senne.
666 2642 673 2656 .
689 2602 813 2656 ‚sobrine
830 2617 882 2656 em.
902 2603 929 2656 Z
971 2597 975 2605 ’
1030 2604 1111 2672 risus]
1132 2605 1206 2657 uisne
1224 2604 1252 2657 Z
1365 2604 1437 2658 enim
1457 2620 1511 2658 eor.
1530 2607 1555 2657 Ζ

439 2691 511 2760 iet]
530 2705 562 2744 ec
580 2688 607 2742 Z
695 2689 768 2758 nem]
787 2703 841 2742 nen
859 2687 886 2742 Ζ
974 2687 1089 2759 recedet]
1108 2689 1219 2759 regebet
1237 2687 1264 2742 Z
1350 2688 1368 2742 3
1386 2689 1452 2758 qnid
1470 2705 1521 2745 eon.
1538 2705 1556 2744 e
1616 2761 1617 2767 ἵ

440 2776 593 2830 uitemdnm
612 2775 639 2828 Z
717 2773 821 2842 corpori
840 2773 941 2827 nitinm
962 2776 1005 2828 eet
1016 2774 1042 2827 Z
1128 2774 1278 2829 concitetur
1289 2790 1371 2844 quern
1384 2775 1516 2829 heneetne
1529 2775 1555 2828 Ζ

437 2863 457 2916 4
473 2859 586 2915 uicisset
603 2859 631 2913 Ζ
720 2859 738 2912 5
755 2857 884 2912 nolentes
896 2857 928 2911 K
1020 2859 1037 2913 6
1054 2858 1112 2928 nec]
1131 2859 1177 2912 sed
1195 2874 1243 2914 nec
1256 2859 1285 2912 Ζ
1375 2858 1508 2914 delectari
1521 2859 1555 2913 K

440 2945 510 3015 qnod
528 2945 566 3014 et]
586 2945 634 3014 qni
652 2944 737 2999 eciem
754 2944 782 2999 Ζ
883 2943 1016 2998 interficit
1033 2947 1063 2997 et
1079 2943 1180 3012 pndore
1198 2945 1225 2998 Ζ
1321 2945 1338 2997 'l
1356 2947 1384 2998 et
1402 2945 1509 2999 enimes
1528 2945 1557 2999 Ζ

439 3031 567 3085 stirnnlus
586 3029 657 3083 K¹Z
741 3029 861 3083 refrenet
878 3027 917 3093 K,
936 3030 965 3080 et
982 3027 1100 3084 refrenet
1116 3029 1144 3082 Z
1222 3029 1240 3083 8
1258 3029 1358 3097 accipit
1376 3029 1403 3082 Ζ
1495 3028 1530 3084 10
1547 3045 1589 3082 ex·

438 3116 562 3170 tollentis
581 3114 608 3169 Ζ
692 3115 868 3169 ceeleetinm.
886 3153 893 3166 .
910 3113 946 3167 .1.
959 3117 995 3167 12
1012 3112 1059 3168 ser
1077 3113 1150 3168 inter
1167 3131 1218 3169 cre.
1232 3113 1260 3168 Ζ
1344 3116 1382 3173 11
1403 3129 1510 3170 currum
1522 3116 1556 3169 K

441 3200 477 3258 12
494 3203 523 3255 et
540 3216 590 3254 ont
610 3199 644 3254 K
781 3198 818 3256 13
840 3198 935 3252 turbes
953 3197 993 3266 et]
1011 3198 1068 3251 iste
1087 3198 1114 3250 Ζ
1249 3200 1341 3254 ernnie
1359 3199 1401 3270 de]
1421 3200 1509 3254 cretio
1528 3200 1556 3253 Ζ

439 3285 571 3340 auxilinm
589 3300 640 3339 erre
660 3284 715 3338 KZ
837 3284 873 3340 14
890 3282 964 3338 relus
982 3283 1055 3337 enim
1075 3285 1170 3352 petere
1187 3287 1229 3338 eet
1245 3299 1274 3351 c,
1297 3285 1368 3339 enirn
1388 3284 1463 3339 solus
1481 3287 1524 3338 est
1542 3299 1588 3352 pe·

438 3369 536 3426 endec
555 3370 582 3424 Ζ
689 3369 825 3423 hominem
844 3368 871 3422 Ζ
961 3421 963 3426 ,
987 3367 1021 3421 15
1039 3369 1068 3421 et
1085 3367 1175 3437 plene]
1194 3369 1218 3422 ei
1236 3369 1269 3423 tle
1287 3370 1314 3423 Z
1416 3355 1469 3440 qne
1488 3386 1523 3425 ce
1542 3369 1590 3438 qni

440 3455 479 3520 K,
497 3455 563 3524 qnie
580 3455 607 3509 Ζ
719 3453 752 3508 16
770 3452 908 3509 uolumine
928 3454 962 3518 K,
980 3453 1143 3509 uolumenc
1258 3455 1291 3509 ll
1309 3455 1444 3526 scripture
1461 3455 1590 3525 inspicite

440 3545 469 3596 et
487 3541 514 3595 Ζ
605 3541 640 3595 18
657 3541 738 3594 huius
755 3540 795 3595 rei
812 3539 963 3609 praeceptis
979 3539 1006 3592 Ζ
1102 3555 1134 3592 ec
1150 3539 1217 3594 bene
1234 3541 1323 3595 nelete
1340 3527 1381 3594 ife
1405 3527 1459 3595 cn'r'ri
1485 3557 1590 3610 semper

442 3627 469 3681 in
487 3612 540 3680 ‹ln‘e
559 3625 589 3681 Z.
610 3655 643 3666 -
661 3625 780 3695 Explicit
797 3623 830 3679 (le
848 3623 919 3678 bone
939 3622 1086 3692 pudicitiae
1106 3623 1149 3688 K,
1168 3623 1279 3680 Oeecilii
1305 3623 1426 3694 Ciprieni
1450 3625 1484 3680 de
1507 3625 1586 3694 pnti-

441 3710 509 3766 cicie
527 3710 639 3779 explicit
655 3713 687 3763 Ζ.
709 3741 740 3752 -

912 3887 1120 3900 -o——ffl
