4012 5066
543 475 584 530 Ad
603 473 736 544 vigilium
755 477 909 545 episcopum
927 477 961 529 de
978 475 1089 530 Iudaica
1108 475 1299 530 incredulitate
1316 491 1338 530 c
1356 476 1451 531 8-10.
1504 479 1561 542 131

421 651 478 694 nus
508 635 571 694 tote
596 632 789 694 miserationis
814 632 923 708 pietate
950 633 1124 705 consuleret,
1153 632 1346 694 dimicationis
1370 633 1464 708 piebis
1486 651 1568 694 mora

424 753 509 811 quem
536 735 631 810 potius
658 735 780 810 eligeret
803 736 969 810 episcopum
996 738 1025 796 te
1049 736 1200 812 quaerenti
1225 735 1331 811 populo
1357 753 1409 796 sno
1434 737 1567 798 christus

424 840 605 922 inopinatum
627 841 745 916 repente
766 839 873 899 obtulit
896 841 925 899 et
946 839 1147 914 complacitum
1162 841 1219 900 sibi
1232 841 1369 900 caelestis
1382 841 1567 914 prouidentia

423 942 578 1003 manifeste
594 944 736 1002 aduentus
750 942 796 1001 tui
810 943 968 1016 improuisa
983 944 1148 1003 occumioae
1160 944 1348 1003 monstrauit:
1365 945 1567 1003 documentum

403 1044 571 1118 crepentini
584 1062 618 1104 ac
634 1045 757 1119 pumicis
778 1063 913 1106 occursus
934 1045 1165 1121 procurationem
1182 1045 1233 1106 Dei
1249 1045 1410 1106 uoluntatis
1425 1047 1563 1118 ostendit,

424 1152 458 1206 ut
480 1149 556 1222 quod
583 1147 696 1206 difficili
721 1147 902 1220 expeditione
923 1150 973 1207 aix
999 1149 1143 1221 potuisset
1157 1164 1305 1208 occurrere
1320 1148 1469 1208 celeritate
1484 1147 1567 1208 facili

320 1275 323 1280 ¹
425 1249 582 1322 perlectum
598 1249 638 1309 sit
652 1250 802 1324 urguentis
817 1248 932 1309 Domini
949 1251 1073 1310 iussione
1099 1254 1130 1310 ot
1145 1253 1178 1309 ut
1192 1249 1274 1324 prius
1289 1253 1318 1310 te
1332 1249 1363 1309 in
1378 1250 1500 1311 eeclesia
1514 1249 1569 1311 Dei

427 1352 592 1426 episcopum
608 1353 687 1410 sture
701 1353 882 1425 conspiceres
897 1355 928 1410 et
943 1357 1075 1424 stuperes
1091 1369 1176 1424 quarn
1191 1353 1306 1412 uenisse
1322 1353 1495 1413 dinosceres.

469 1455 541 1512 Inde
577 1453 757 1514 dilectionem
787 1454 845 1513 iam
880 1457 976 1514 ticum
1012 1472 1095 1514 snam
1125 1454 1263 1515 Dominus
1298 1454 1416 1515 initiata
1445 1446 1621 1516 caritats10
1730 1496 1733 1504 .

391 1573 417 1611 ro
427 1553 565 1626 firmauit,
592 1555 657 1615 inde
682 1555 839 1615 amicitiam
866 1558 962 1616 tecum
988 1573 1075 1630 quam
1096 1556 1246 1630 discipulis
1268 1557 1330 1616 sais
1351 1558 1405 1618 sub
1420 1557 1568 1632 triumpho

427 1657 522 1716 crucis
552 1673 622 1716 suae
651 1655 773 1716 tradidit
807 1657 1011 1732 dedicauitque
1042 1657 1157 1718 dicens:
1196 1658 1228 1717 si
1264 1659 1442 1720 feceritis
1478 1676 1570 1733 quae

427 1758 555 1817 maudo
582 1758 705 1832 nobis,
738 1759 809 1818 iam
838 1775 905 1817 non
935 1759 1052 1819 dicam
1082 1777 1209 1820 seruos
1237 1778 1300 1821 uos
1330 1762 1394 1822 sed
1421 1761 1568 1835 amicos,

427 1861 494 1921 inda
511 1861 691 1935 martyrium,
707 1861 773 1920 inde
788 1861 942 1920 sacerdotii
958 1861 1128 1922 electionem
1144 1863 1282 1937 signauit.
1305 1864 1433 1924 amicitia
1447 1865 1502 1937 cst,
1516 1881 1570 1936 per

428 1979 514 2037 qaam
538 1964 575 2022 ad
596 1962 706 2022 Christi
728 1962 829 2023 nultus
850 1963 1026 2035 admitteris,
1048 1965 1276 2025 extraordinaria
1296 1967 1392 2026 hostia
1406 1965 1568 2040 peruenire.

393 2065 470 2124 rusie
494 2065 641 2138 eliguntur
661 2063 741 2136 iusti,
771 2069 813 2124 sic
834 2065 992 2138 probantur
1022 2065 1149 2139 religiosi
1173 2083 1207 2126 ac
1232 2066 1380 2140 simplices
1408 2068 1440 2126 in
1461 2067 1569 2127 christi

427 2166 532 2225 timore
561 2165 657 2238 electi,
687 2170 722 2225 ut
742 2169 810 2224 ante
840 2167 1062 2227 remunerationi
1085 2168 1152 2228 fidei
1176 2169 1339 2240 destinaris,
1360 2173 1428 2229 ante
1442 2169 1568 2243 praemio

429 2273 549 2332 denotas
571 2271 676 2330 mentis
697 2271 727 2330 in
748 2271 869 2332 Domino
891 2272 996 2345 dignius
1017 2273 1162 2343 habearis,
1192 2289 1278 2346 qaam
1303 2273 1415 2332 uenerit
1428 2274 1501 2332 hora
1515 2273 1567 2332 de-

429 2373 511 2446 creti,
542 2391 627 2446 quam
650 2373 795 2446 exceperis
816 2374 989 2432 sententiam
1010 2373 1128 2446 Christi,
1159 2376 1310 2448 probatam
1331 2377 1359 2433 te
1383 2377 1414 2435 et
1436 2377 1565 2448 paratam

430 2475 557 2536 hostiam
573 2472 677 2534 electio
693 2474 826 2535 caelestis
849 2475 990 2537 inueniat.
1021 2477 1127 2536 etenim
1143 2476 1194 2536 ille
1205 2480 1236 2536 ta
1250 2476 1299 2551 qui
1314 2493 1372 2536 non
1387 2479 1507 2537 mendax
1524 2479 1570 2538 cst

395 2579 520 2648 aoDarrs,
548 2577 597 2651 qui
624 2576 789 2651 episcopam
816 2576 895 2650 plebi
922 2594 993 2638 sarcre
1008 2580 1043 2637 de
1057 2579 1214 2652 improuiso
1230 2579 1391 2651 constituit,
1419 2578 1469 2638 ille
1484 2577 1569 2653 plena

500 2786 534 2838 11
554 2785 592 2839 lo,
614 2786 655 2848 15,
675 2785 718 2840 14.

501 2999 515 3051 1
536 2994 722 3051 monnone
744 2996 790 3061 m,
807 2995 1011 3051 mamanensi
1127 2995 1311 3049 aroucam
1330 2995 1419 3064 rnen
1440 2995 1571 3052 unani·
1677 2981 1679 2986 “

430 3084 469 3137 tis
488 3083 553 3138 Bul.
572 3099 608 3137 ea·
624 3099 640 3136 r
742 3080 900 3152 tetigerat]
920 3081 1035 3149 eriperet
1053 3082 1079 3135 Ζ
1189 3083 1207 3134 a
1225 3083 1361 3148 repentem
1380 3083 1406 3135 Z
1509 3097 1572 3150 pro·

433 3167 571 3222 uidentiae
588 3167 750 3222 manifestae
766 3166 944 3220 manifestum
962 3187 982 3233 μ
1109 3167 1128 3220 4
1146 3165 1290 3234 irnprouisi
1307 3165 1340 3230 Ζ,
1359 3164 1480 3220 inrobisa
1500 3167 1536 3222 Τ*

431 3257 461 3306 ot
471 3253 661 3307 documentum
671 3252 735 3306 Bet.
805 3250 951 3321 §pernicis
962 3252 1069 3320 scripsi,
1081 3251 1232 3321 perennicis
1246 3251 1474 3320 1t⁸p¹‚pcrennia
1486 3253 1571 3320 owe,

432 3339 603 3408 perhempnis
620 3339 648 3392 Ζ
769 3339 957 3406 procuratione
974 3357 994 3406 μ
1120 3337 1138 3390 6
1155 3337 1201 3391 uix
1219 3353 1306 3391 onan
1426 3337 1571 3407 occurrere]

432 3440 561 3494 occupare
580 3425 607 3479 Ζ
736 3423 813 3478 facili
832 3424 972 3479 celeritate
990 3438 1036 3492 po.
1054 3421 1192 3478 facilitate
1210 3423 1238 3478 Ζ
1368 3421 1384 3475 '1
1403 3421 1451 3492 sit]
1470 3421 1495 3476 si
1512 3422 1539 3477 Z

432 3512 545 3578 urgente
562 3529 599 3581 pe
711 3509 815 3563 cisione
833 3528 853 3576 μ
968 3509 997 3562 et
1014 3523 1065 3562 ona
1085 3528 1105 3576 μ
1217 3493 1266 3561 dni
1285 3508 1312 3562 Ζ
1436 3507 1455 3560 8
1471 3509 1500 3560 te
1516 3509 1574 3560 sta-

430 3610 459 3650 re
478 3595 506 3650 Z
635 3595 676 3665 et]
695 3597 723 3648 et
740 3597 773 3650 ut
791 3595 817 3649 Ζ
955 3592 1103 3648 ‹linosceris
1121 3593 1156 3658 Ζ,
1174 3591 1369 3662 dignoscereris
1387 3591 1452 3646 Bal.
1471 3607 1539 3646 eea

431 3679 497 3736 ain
515 3680 559 3735 dei
576 3679 722 3736 dilectione
740 3681 768 3734 Ζ
869 3680 934 3750 iam]
954 3696 1008 3733 ana
1026 3679 1053 3734 Ζ
1155 3694 1232 3734 suam
1250 3693 1301 3732 ora
1321 3677 1348 3732 Ζ
1451 3676 1572 3746 initiata]

432 3769 540 3820 mutata
558 3767 585 3820 Ζ
696 3767 730 3820 10
747 3767 807 3835 sub]
827 3782 887 3821 cura
906 3783 923 3820 e
1034 3767 1067 3821 11
1085 3765 1295 3833 dediflesnitque
1313 3763 1346 3828 T,
1364 3762 1502 3818 dedicauit
1519 3781 1540 3830 μ

434 3851 468 3906 12
485 3851 545 3907 dico
562 3868 612 3906 uos
629 3867 720 3906 seruos
738 3852 802 3920 Ζμυ
924 3851 958 3905 13
977 3849 1048 3921 inde]
1068 3850 1139 3905 idem
1158 3851 1185 3906 Ζ
1303 3849 1443 3904 martirem
1465 3849 1535 3917 ΤΖμ

434 3939 599 3994 sacerdotem
617 3939 643 3992 Ζ
787 3937 920 3992 electione
938 3937 983 3992 Tu
1128 3950 1229 4005 magna
1246 3935 1370 3990 amicitia
1387 3935 1452 3990 Bul.
1471 3950 1540 3988 crea

432 4028 474 4078 est
492 4039 541 4078 oon.
561 4024 589 4077 Ζ
673 4023 706 4077 14
724 4037 803 4092 quern
823 4022 859 4077 Τί
952 4023 1105 4090 pomonires
1123 4021 1182 4085 w,
1199 4019 1359 4092 peruenias
1451 4019 1485 4075 15
1502 4018 1574 4074 chri·

433 4113 506 4163 stum
528 4110 554 4164 T
668 4110 702 4164 16
720 4109 827 4163 timeris
846 4110 962 4163 electam
983 4108 1009 4161 T
1123 4106 1367 4162 remunerationem
1389 4105 1433 4170 1⁶,
1452 4120 1574 4160 remane-

433 4194 550 4249 rationis
568 4196 602 4262 Z,
620 4211 676 4250 rem
694 4193 857 4250 inhonorato
876 4199 886 4248 t
905 4193 938 4248 a‘a
955 4209 1011 4248 rea.
1139 4191 1292 4264 destineris]
1311 4189 1341 4245 id
1358 4189 1496 4246 astiteris
1517 4192 1543 4247 T

432 4282 584 4352 paenam
600 4281 628 4336 a
739 4281 773 4336 re
791 4279 892 4336 aaron
910 4263 1021 4334 nont
1134 4278 1168 4334 ra
1186 4280 1229 4333 ea
1247 4293 1298 4332 ea
1318 4277 1353 4332 sc
1465 4277 1503 4332 so
1517 4278 1577 4347 pn-

433 4365 477 4420 bia
497 4367 556 4421 TZt
662 4367 713 4422 illt
730 4373 742 4422 t
1415 4396 1418 4402 ·

678 4459 680 4464 .
1314 4455 1366 4514 9*
