<?xml version="1.0" encoding="UTF-8"?>
<!DOCTYPE html PUBLIC "-//W3C//DTD XHTML 1.0 Transitional//EN"
    "http://www.w3.org/TR/xhtml1/DTD/xhtml1-transitional.dtd">
<html xmlns="http://www.w3.org/1999/xhtml" xml:lang="en" lang="en">
 <head>
  <title>
</title>
<meta http-equiv="Content-Type" content="text/html;charset=utf-8" />
  <meta name='ocr-system' content='tesseract 3.04.00' />
  <meta name='ocr-capabilities' content='ocr_page ocr_carea ocr_par ocr_line ocrx_word'/>
</head>
<body>
  <div class='ocr_page' id='page_1' title='image "./sthascicaecilic02cyprgoog_0295.png"; bbox 0 0 4016 5054; ppageno 0'>
   <div class='ocr_carea' id='block_1_1' title="bbox 443 372 1099 442">
    <p class='ocr_par' dir='ltr' id='par_1_1' title="bbox 443 372 1099 442">
     <span class='ocr_line' id='line_1_1' title="bbox 443 372 1099 442; baseline 0 -14"><span class='ocrx_word' id='word_1_1' title='bbox 443 377 505 442; x_wconf 69' lang='lat'>164</span> <span class='ocrx_word' id='word_1_2' title='bbox 913 372 1099 442; x_wconf 80' lang='lat' dir='ltr'>Appendix.</span> 
     </span>
    </p>
   </div>
   <div class='ocr_carea' id='block_1_2' title="bbox 439 525 1606 1728">
    <p class='ocr_par' dir='ltr' id='par_1_2' title="bbox 439 525 1606 1728">
     <span class='ocr_line' id='line_1_2' title="bbox 440 525 1569 606; baseline 0.001 -14"><span class='ocrx_word' id='word_1_3' title='bbox 440 546 554 605; x_wconf 88' lang='lat' dir='ltr'>neque</span> <span class='ocrx_word' id='word_1_4' title='bbox 582 529 708 591; x_wconf 80' lang='lat' dir='ltr'>audiet</span> <span class='ocrx_word' id='word_1_5' title='bbox 733 529 874 604; x_wconf 80' lang='lat' dir='ltr'>uliquis</span> <span class='ocrx_word' id='word_1_6' title='bbox 902 525 938 590; x_wconf 93' lang='lat' dir='ltr'>in</span> <span class='ocrx_word' id='word_1_7' title='bbox 960 531 1101 606; x_wconf 76' lang='lat' dir='ltr'><strong>plateis</strong></span> <span class='ocrx_word' id='word_1_8' title='bbox 1132 547 1258 593; x_wconf 88' lang='lat' dir='ltr'>uoesm</span> <span class='ocrx_word' id='word_1_9' title='bbox 1285 531 1373 591; x_wconf 89' lang='lat' dir='ltr'>sius.</span> <span class='ocrx_word' id='word_1_10' title='bbox 1396 548 1461 593; x_wconf 86' lang='lat' dir='ltr'>eeee</span> <span class='ocrx_word' id='word_1_11' title='bbox 1484 531 1569 593; x_wconf 79' lang='lat' dir='ltr'>Obri-</span> 
     </span>
     <span class='ocr_line' id='line_1_3' title="bbox 440 631 1567 706; baseline 0.001 -13"><span class='ocrx_word' id='word_1_12' title='bbox 440 637 504 694; x_wconf 89' lang='lat' dir='ltr'>stns</span> <span class='ocrx_word' id='word_1_13' title='bbox 519 651 574 693; x_wconf 92' lang='lat' dir='ltr'>non</span> <span class='ocrx_word' id='word_1_14' title='bbox 590 632 736 693; x_wconf 86' lang='lat' dir='ltr'>eontondit</span> <span class='ocrx_word' id='word_1_15' title='bbox 750 647 841 706; x_wconf 86' lang='lat' dir='ltr'>neque</span> <span class='ocrx_word' id='word_1_16' title='bbox 855 631 1009 692; x_wconf 81' lang='lat' dir='ltr'>elsmeuit:</span> <span class='ocrx_word' id='word_1_17' title='bbox 1033 635 1063 692; x_wconf 93' lang='lat' dir='ltr'>et</span> <span class='ocrx_word' id='word_1_18' title='bbox 1082 635 1116 692; x_wconf 91' lang='lat' dir='ltr'>tu</span> <span class='ocrx_word' id='word_1_19' title='bbox 1135 635 1162 694; x_wconf 87' lang='lat' dir='ltr'>si</span> <span class='ocrx_word' id='word_1_20' title='bbox 1182 650 1293 695; x_wconf 89' lang='lat' dir='ltr'>morum</span> <span class='ocrx_word' id='word_1_21' title='bbox 1308 632 1415 693; x_wconf 78' lang='lat' dir='ltr'>Christi</span> <span class='ocrx_word' id='word_1_22' title='bbox 1431 635 1567 694; x_wconf 88' lang='lat' dir='ltr'>similitu·</span> 
     </span>
     <span class='ocr_line' id='line_1_4' title="bbox 440 734 1568 810; baseline 0.001 -14"><span class='ocrx_word' id='word_1_23' title='bbox 440 737 536 796; x_wconf 89' lang='lat' dir='ltr'>dinem</span> <span class='ocrx_word' id='word_1_24' title='bbox 550 737 674 796; x_wconf 88' lang='lat' dir='ltr'>retinere</span> <span class='ocrx_word' id='word_1_25' title='bbox 688 734 778 810; x_wconf 78' lang='lat' dir='ltr'>cupis,</span> <span class='ocrx_word' id='word_1_26' title='bbox 800 751 835 794; x_wconf 90' lang='lat' dir='ltr'>ne</span> <span class='ocrx_word' id='word_1_27' title='bbox 850 736 1015 810; x_wconf 85' lang='lat' dir='ltr'>oontendes,</span> <span class='ocrx_word' id='word_1_28' title='bbox 1037 754 1073 797; x_wconf 91' lang='lat' dir='ltr'>no</span> <span class='ocrx_word' id='word_1_29' title='bbox 1094 736 1232 797; x_wconf 85' lang='lat' dir='ltr'>ebusiuns</span> <span class='ocrx_word' id='word_1_30' title='bbox 1246 737 1277 796; x_wconf 91' lang='lat' dir='ltr'>iu</span> <span class='ocrx_word' id='word_1_31' title='bbox 1291 736 1413 798; x_wconf 82' lang='lat' dir='ltr'>eoolesie</span> <span class='ocrx_word' id='word_1_32' title='bbox 1426 737 1568 797; x_wconf 77' lang='lat' dir='ltr'>christio-</span> 
     </span>
     <span class='ocr_line' id='line_1_5' title="bbox 440 838 1567 914; baseline 0.002 -16"><span class='ocrx_word' id='word_1_33' title='bbox 440 855 495 898; x_wconf 89' lang='lat' dir='ltr'>nus</span> <span class='ocrx_word' id='word_1_34' title='bbox 510 838 625 898; x_wconf 80' lang='lat' dir='ltr'>existes.</span> <span class='ocrx_word' id='word_1_35' title='bbox 641 839 702 898; x_wconf 90' lang='lat' dir='ltr'>suis</span> <span class='ocrx_word' id='word_1_36' title='bbox 723 839 797 898; x_wconf 87' lang='lat' dir='ltr'>enim</span> <span class='ocrx_word' id='word_1_37' title='bbox 817 839 1010 898; x_wconf 71' lang='lat' dir='ltr'>sectatoribus</span> <span class='ocrx_word' id='word_1_38' title='bbox 1024 838 1156 899; x_wconf 81' lang='lat' dir='ltr'>christus</span> <span class='ocrx_word' id='word_1_39' title='bbox 1180 839 1341 914; x_wconf 83' lang='lat' dir='ltr'>proecepit:</span> <span class='ocrx_word' id='word_1_40' title='bbox 1365 838 1484 899; x_wconf 88' lang='lat' dir='ltr'>nolite</span> <span class='ocrx_word' id='word_1_41' title='bbox 1506 857 1567 900; x_wconf 91' lang='lat' dir='ltr'>uo-</span> 
     </span>
     <span class='ocr_line' id='line_1_6' title="bbox 439 937 1590 1014; baseline 0.004 -14"><span class='ocrx_word' id='word_1_42' title='bbox 439 940 520 1000; x_wconf 84' lang='lat' dir='ltr'>oeri</span> <span class='ocrx_word' id='word_1_43' title='bbox 541 937 676 1000; x_wconf 84' lang='lat' dir='ltr'>Rebbi:</span> <span class='ocrx_word' id='word_1_44' title='bbox 713 955 803 998; x_wconf 89' lang='lat' dir='ltr'>onus</span> <span class='ocrx_word' id='word_1_45' title='bbox 835 941 894 1000; x_wconf 92' lang='lat' dir='ltr'>est</span> <span class='ocrx_word' id='word_1_46' title='bbox 924 940 1019 999; x_wconf 89' lang='lat' dir='ltr'>enim</span> <span class='ocrx_word' id='word_1_47' title='bbox 1052 942 1236 1014; x_wconf 76' lang='lat' dir='ltr'>magister</span> <span class='ocrx_word' id='word_1_48' title='bbox 1257 945 1403 1012; x_wconf 85' lang='lat' dir='ltr'>uester,</span> <span class='ocrx_word' id='word_1_49' title='bbox 1426 940 1487 1014; x_wconf 88' lang='lat' dir='ltr'>qui</span> <span class='ocrx_word' id='word_1_50' title='bbox 1509 943 1590 1006; x_wconf 85' lang='lat' dir='ltr'>este</span> 
     </span>
     <span class='ocr_line' id='line_1_7' title="bbox 440 1039 1569 1116; baseline 0.002 -16"><span class='ocrx_word' id='word_1_51' title='bbox 440 1041 630 1102; x_wconf 79' lang='lat' dir='ltr'>Christus:</span> <span class='ocrx_word' id='word_1_52' title='bbox 645 1042 681 1100; x_wconf 91' lang='lat' dir='ltr'>ot</span> <span class='ocrx_word' id='word_1_53' title='bbox 702 1042 841 1116; x_wconf 85' lang='lat' dir='ltr'>petrem</span> <span class='ocrx_word' id='word_1_54' title='bbox 861 1039 986 1102; x_wconf 89' lang='lat' dir='ltr'>nolite</span> <span class='ocrx_word' id='word_1_55' title='bbox 1009 1057 1146 1103; x_wconf 85' lang='lat' dir='ltr'>oooere</span> <span class='ocrx_word' id='word_1_56' title='bbox 1169 1045 1453 1116; x_wconf 79' lang='lat' dir='ltr'>superterram:</span> <span class='ocrx_word' id='word_1_57' title='bbox 1476 1059 1569 1103; x_wconf 88' lang='lat' dir='ltr'>unus</span> 
     </span>
     <span class='ocr_line' id='line_1_8' title="bbox 440 1145 1569 1219; baseline -0.001 -14"><span class='ocrx_word' id='word_1_58' title='bbox 440 1148 497 1206; x_wconf 89' lang='lat' dir='ltr'>est</span> <span class='ocrx_word' id='word_1_59' title='bbox 518 1145 613 1205; x_wconf 89' lang='lat' dir='ltr'>enim</span> <span class='ocrx_word' id='word_1_60' title='bbox 644 1145 750 1219; x_wconf 87' lang='lat' dir='ltr'>peter</span> <span class='ocrx_word' id='word_1_61' title='bbox 771 1147 896 1204; x_wconf 88' lang='lat' dir='ltr'>uester</span> <span class='ocrx_word' id='word_1_62' title='bbox 928 1145 990 1218; x_wconf 88' lang='lat' dir='ltr'>qui</span> <span class='ocrx_word' id='word_1_63' title='bbox 1021 1145 1060 1204; x_wconf 90' lang='lat' dir='ltr'>in</span> <span class='ocrx_word' id='word_1_64' title='bbox 1082 1145 1202 1206; x_wconf 81' lang='lat' dir='ltr'>eselis</span> <span class='ocrx_word' id='word_1_65' title='bbox 1223 1146 1290 1206; x_wconf 92' lang='lat' dir='ltr'>est.</span> <span class='ocrx_word' id='word_1_66' title='bbox 1324 1162 1445 1206; x_wconf 87' lang='lat' dir='ltr'>omues</span> <span class='ocrx_word' id='word_1_67' title='bbox 1472 1145 1569 1206; x_wconf 89' lang='lat' dir='ltr'>enim</span> 
     </span>
     <span class='ocr_line' id='line_1_9' title="bbox 440 1245 1568 1323; baseline -0.001 -15"><span class='ocrx_word' id='word_1_68' title='bbox 440 1265 503 1308; x_wconf 89' lang='lat' dir='ltr'>uos</span> <span class='ocrx_word' id='word_1_69' title='bbox 525 1249 666 1310; x_wconf 80' lang='lat' dir='ltr'>iratres</span> <span class='ocrx_word' id='word_1_70' title='bbox 688 1247 789 1308; x_wconf 91' lang='lat' dir='ltr'>ostis.</span> <span class='ocrx_word' id='word_1_71' title='bbox 829 1245 937 1322; x_wconf 80' lang='lat' dir='ltr'>quibus</span> <span class='ocrx_word' id='word_1_72' title='bbox 969 1249 1007 1308; x_wconf 84' lang='lat' dir='ltr'>ed</span> <span class='ocrx_word' id='word_1_73' title='bbox 1033 1247 1252 1323; x_wconf 79' lang='lat' dir='ltr'>supplicandum</span> <span class='ocrx_word' id='word_1_74' title='bbox 1284 1247 1436 1322; x_wconf 78' lang='lat' dir='ltr'>imperauit</span> <span class='ocrx_word' id='word_1_75' title='bbox 1457 1249 1568 1308; x_wconf 78' lang='lat' dir='ltr'>dicere:</span> 
     </span>
     <span class='ocr_line' id='line_1_10' title="bbox 440 1347 1567 1426; baseline -0.003 -15"><span class='ocrx_word' id='word_1_76' title='bbox 440 1352 693 1426; x_wconf 76' lang='lat' dir='ltr'>paternoster</span> <span class='ocrx_word' id='word_1_77' title='bbox 708 1351 768 1424; x_wconf 89' lang='lat' dir='ltr'>qui</span> <span class='ocrx_word' id='word_1_78' title='bbox 784 1350 818 1408; x_wconf 92' lang='lat' dir='ltr'>in</span> <span class='ocrx_word' id='word_1_79' title='bbox 834 1349 953 1409; x_wconf 81' lang='lat' dir='ltr'>oselis</span> <span class='ocrx_word' id='word_1_80' title='bbox 976 1365 1013 1409; x_wconf 93' lang='lat' dir='ltr'>es</span> <span class='ocrx_word' id='word_1_81' title='bbox 1035 1347 1304 1410; x_wconf 79' lang='lat' dir='ltr'>sanctificetur</span> <span class='ocrx_word' id='word_1_82' title='bbox 1318 1365 1444 1409; x_wconf 89' lang='lat' dir='ltr'>nomen</span> <span class='ocrx_word' id='word_1_83' title='bbox 1459 1353 1567 1410; x_wconf 88' lang='lat' dir='ltr'>tuum.</span> 
     </span>
     <span class='ocr_line' id='line_1_11' title="bbox 440 1449 1606 1538; baseline 0.003 -26"><span class='ocrx_word' id='word_1_84' title='bbox 440 1451 551 1512; x_wconf 79' lang='lat' dir='ltr'>inostro</span> <span class='ocrx_word' id='word_1_85' title='bbox 565 1468 634 1527; x_wconf 78' lang='lat' dir='ltr'>ergo</span> <span class='ocrx_word' id='word_1_86' title='bbox 645 1455 757 1526; x_wconf 83' lang='lat' dir='ltr'>petrem</span> <span class='ocrx_word' id='word_1_87' title='bbox 772 1449 918 1538; x_wconf 80' lang='lat' dir='ltr'>eontendit</span> <span class='ocrx_word' id='word_1_88' title='bbox 933 1451 964 1510; x_wconf 91' lang='lat' dir='ltr'>in</span> <span class='ocrx_word' id='word_1_89' title='bbox 979 1452 1058 1510; x_wconf 84' lang='lat' dir='ltr'>terre</span> <span class='ocrx_word' id='word_1_90' title='bbox 1072 1451 1121 1524; x_wconf 88' lang='lat' dir='ltr'>qui</span> <span class='ocrx_word' id='word_1_91' title='bbox 1136 1453 1247 1524; x_wconf 86' lang='lat' dir='ltr'>petrem</span> <span class='ocrx_word' id='word_1_92' title='bbox 1262 1453 1292 1511; x_wconf 91' lang='lat' dir='ltr'>et</span> <span class='ocrx_word' id='word_1_93' title='bbox 1305 1449 1430 1525; x_wconf 80' lang='lat' dir='ltr'>petrium</span> <span class='ocrx_word' id='word_1_94' title='bbox 1450 1450 1569 1525; x_wconf 83' lang='lat' dir='ltr'>prolite-</span> <span class='ocrx_word' id='word_1_95' title='bbox 1579 1475 1606 1514; x_wconf 85' lang='grc' dir='ltr'>ιο</span> 
     </span>
     <span class='ocr_line' id='line_1_12' title="bbox 440 1552 1571 1628; baseline -0.002 -14"><span class='ocrx_word' id='word_1_96' title='bbox 440 1555 611 1615; x_wconf 79' lang='lat' dir='ltr'>turbabere</span> <span class='ocrx_word' id='word_1_97' title='bbox 626 1571 657 1614; x_wconf 92' lang='lat' dir='ltr'>se</span> <span class='ocrx_word' id='word_1_98' title='bbox 671 1554 702 1612; x_wconf 93' lang='lat' dir='ltr'>in</span> <span class='ocrx_word' id='word_1_99' title='bbox 717 1555 812 1612; x_wconf 84' lang='lat' dir='ltr'>osolo:</span> <span class='ocrx_word' id='word_1_100' title='bbox 841 1552 923 1612; x_wconf 88' lang='lat' dir='ltr'>ouius</span> <span class='ocrx_word' id='word_1_101' title='bbox 944 1571 1095 1626; x_wconf 72' lang='lat' dir='ltr'>possessor</span> <span class='ocrx_word' id='word_1_102' title='bbox 1113 1571 1197 1615; x_wconf 90' lang='lat' dir='ltr'>nemo</span> <span class='ocrx_word' id='word_1_103' title='bbox 1218 1554 1358 1626; x_wconf 76' lang='lat' dir='ltr'>efficitur,</span> <span class='ocrx_word' id='word_1_104' title='bbox 1387 1554 1443 1612; x_wconf 89' lang='lat' dir='ltr'>nisi</span> <span class='ocrx_word' id='word_1_105' title='bbox 1464 1554 1514 1628; x_wconf 90' lang='lat' dir='ltr'>qui</span> <span class='ocrx_word' id='word_1_106' title='bbox 1535 1555 1571 1613; x_wconf 87' lang='lat' dir='ltr'>de</span> 
     </span>
     <span class='ocr_line' id='line_1_13' title="bbox 440 1654 1176 1728; baseline -0.003 -13"><span class='ocrx_word' id='word_1_107' title='bbox 440 1660 572 1716; x_wconf 86' lang='lat' dir='ltr'>terreuee</span> <span class='ocrx_word' id='word_1_108' title='bbox 586 1655 696 1728; x_wconf 84' lang='lat' dir='ltr'>petriee</span> <span class='ocrx_word' id='word_1_109' title='bbox 711 1654 892 1714; x_wconf 86' lang='lat' dir='ltr'>eontentione</span> <span class='ocrx_word' id='word_1_110' title='bbox 907 1670 1025 1714; x_wconf 84' lang='lat' dir='ltr'>securus</span> <span class='ocrx_word' id='word_1_111' title='bbox 1039 1656 1176 1715; x_wconf 82' lang='lat' dir='ltr'>hebetur.</span> 
     </span>
    </p>
   </div>
   <div class='ocr_carea' id='block_1_3' title="bbox 811 1839 1197 1900">
    <p class='ocr_par' dir='ltr' id='par_1_3' title="bbox 811 1839 1197 1900">
     <span class='ocr_line' id='line_1_14' title="bbox 811 1839 1197 1900; baseline 0.005 -3"><span class='ocrx_word' id='word_1_112' title='bbox 811 1839 965 1898; x_wconf 80' lang='lat' dir='ltr'>PAVPER</span> <span class='ocrx_word' id='word_1_113' title='bbox 994 1839 1197 1900; x_wconf 77' lang='lat' dir='ltr'><strong>SVPERBVS.</strong></span> 
     </span>
    </p>
   </div>
   <div class='ocr_carea' id='block_1_4' title="bbox 411 1992 1606 2982">
    <p class='ocr_par' dir='ltr' id='par_1_4' title="bbox 411 1992 1606 2982">
     <span class='ocr_line' id='line_1_15' title="bbox 411 1992 1571 2067; baseline -0.002 -13"><span class='ocrx_word' id='word_1_114' title='bbox 411 2010 432 2067; x_wconf 78' lang='grc'><strong>3</strong></span> <span class='ocrx_word' id='word_1_115' title='bbox 484 1995 611 2054; x_wconf 87' lang='lat' dir='ltr'>Oeteuus</span> <span class='ocrx_word' id='word_1_116' title='bbox 625 1992 771 2053; x_wconf 80' lang='lat' dir='ltr'>abusionis</span> <span class='ocrx_word' id='word_1_117' title='bbox 792 1995 900 2065; x_wconf 76' lang='lat' dir='ltr'>gradus</span> <span class='ocrx_word' id='word_1_118' title='bbox 921 1995 967 2052; x_wconf 90' lang='lat' dir='ltr'>est</span> <span class='ocrx_word' id='word_1_119' title='bbox 987 2010 1096 2066; x_wconf 74' lang='lat' dir='ltr'>pauper</span> <span class='ocrx_word' id='word_1_120' title='bbox 1112 1994 1268 2066; x_wconf 87' lang='lat' dir='ltr'>superbus,</span> <span class='ocrx_word' id='word_1_121' title='bbox 1291 1993 1340 2066; x_wconf 92' lang='lat' dir='ltr'>qui</span> <span class='ocrx_word' id='word_1_122' title='bbox 1366 1993 1439 2052; x_wconf 89' lang='lat' dir='ltr'>nihil</span> <span class='ocrx_word' id='word_1_123' title='bbox 1461 1993 1571 2052; x_wconf 84' lang='lat' dir='ltr'>hebens</span> 
     </span>
     <span class='ocr_line' id='line_1_16' title="bbox 440 2094 1605 2170; baseline -0.002 -14"><span class='ocrx_word' id='word_1_124' title='bbox 440 2097 471 2156; x_wconf 93' lang='lat' dir='ltr'>in</span> <span class='ocrx_word' id='word_1_125' title='bbox 487 2095 650 2170; x_wconf 80' lang='lat' dir='ltr'>superbiam</span> <span class='ocrx_word' id='word_1_126' title='bbox 664 2095 826 2165; x_wconf 79' lang='lat' dir='ltr'>extollitur,</span> <span class='ocrx_word' id='word_1_127' title='bbox 842 2111 907 2153; x_wconf 90' lang='lat' dir='ltr'>oum</span> <span class='ocrx_word' id='word_1_128' title='bbox 921 2111 938 2154; x_wconf 94' lang='grc' dir='ltr'><strong>ο</strong></span> <span class='ocrx_word' id='word_1_129' title='bbox 951 2095 1095 2154; x_wconf 76' lang='lat' dir='ltr'>contrario</span> <span class='ocrx_word' id='word_1_130' title='bbox 1110 2094 1250 2153; x_wconf 90' lang='lat' dir='ltr'>diuitibus</span> <span class='ocrx_word' id='word_1_131' title='bbox 1262 2094 1368 2153; x_wconf 85' lang='lat' dir='ltr'>seeouli</span> <span class='ocrx_word' id='word_1_132' title='bbox 1380 2111 1435 2153; x_wconf 92' lang='lat' dir='ltr'>non</span> <span class='ocrx_word' id='word_1_133' title='bbox 1447 2095 1569 2168; x_wconf 90' lang='lat' dir='ltr'>superbe</span> <span class='ocrx_word' id='word_1_134' title='bbox 1581 2116 1605 2154; x_wconf 83' lang='lat' dir='ltr'>re</span> 
     </span>
     <span class='ocr_line' id='line_1_17' title="bbox 441 2195 1568 2272; baseline -0.002 -15"><span class='ocrx_word' id='word_1_135' title='bbox 441 2213 543 2272; x_wconf 82' lang='lat' dir='ltr'>sapere</span> <span class='ocrx_word' id='word_1_136' title='bbox 559 2214 610 2270; x_wconf 90' lang='lat' dir='ltr'>per</span> <span class='ocrx_word' id='word_1_137' title='bbox 624 2195 783 2268; x_wconf 76' lang='lat' dir='ltr'>apostolum</span> <span class='ocrx_word' id='word_1_138' title='bbox 798 2195 963 2267; x_wconf 79' lang='lat' dir='ltr'>imperetur.</span> <span class='ocrx_word' id='word_1_139' title='bbox 979 2196 1048 2269; x_wconf 89' lang='lat' dir='ltr'>quid</span> <span class='ocrx_word' id='word_1_140' title='bbox 1063 2212 1132 2269; x_wconf 83' lang='lat' dir='ltr'>ergo</span> <span class='ocrx_word' id='word_1_141' title='bbox 1148 2195 1283 2254; x_wconf 86' lang='lat' dir='ltr'>stolidius</span> <span class='ocrx_word' id='word_1_142' title='bbox 1297 2195 1358 2254; x_wconf 88' lang='lat' dir='ltr'>fieri</span> <span class='ocrx_word' id='word_1_143' title='bbox 1373 2197 1470 2268; x_wconf 88' lang='lat' dir='ltr'>potest</span> <span class='ocrx_word' id='word_1_144' title='bbox 1484 2212 1568 2269; x_wconf 84' lang='lat' dir='ltr'>quem</span> 
     </span>
     <span class='ocr_line' id='line_1_18' title="bbox 440 2295 1568 2373; baseline -0.003 -14"><span class='ocrx_word' id='word_1_145' title='bbox 440 2300 523 2359; x_wconf 89' lang='lat' dir='ltr'>illum</span> <span class='ocrx_word' id='word_1_146' title='bbox 548 2297 597 2373; x_wconf 90' lang='lat' dir='ltr'>qui</span> <span class='ocrx_word' id='word_1_147' title='bbox 613 2313 664 2370; x_wconf 91' lang='lat' dir='ltr'>por</span> <span class='ocrx_word' id='word_1_148' title='bbox 678 2295 804 2356; x_wconf 81' lang='lat' dir='ltr'>intimem</span> <span class='ocrx_word' id='word_1_149' title='bbox 818 2296 963 2355; x_wconf 83' lang='lat' dir='ltr'>miseriem</span> <span class='ocrx_word' id='word_1_150' title='bbox 990 2296 1071 2356; x_wconf 90' lang='lat' dir='ltr'>uelut</span> <span class='ocrx_word' id='word_1_151' title='bbox 1096 2297 1126 2355; x_wconf 92' lang='lat' dir='ltr'>in</span> <span class='ocrx_word' id='word_1_152' title='bbox 1155 2300 1259 2356; x_wconf 85' lang='lat' dir='ltr'>terrem</span> <span class='ocrx_word' id='word_1_153' title='bbox 1281 2296 1408 2357; x_wconf 79' lang='lat' dir='ltr'>abieotus</span> <span class='ocrx_word' id='word_1_154' title='bbox 1424 2301 1568 2357; x_wconf 84' lang='lat' dir='ltr'>extremus</span> 
     </span>
     <span class='ocr_line' id='line_1_19' title="bbox 439 2397 1568 2472; baseline -0.004 -11"><span class='ocrx_word' id='word_1_155' title='bbox 439 2403 471 2462; x_wconf 89' lang='lat' dir='ltr'>et</span> <span class='ocrx_word' id='word_1_156' title='bbox 485 2400 604 2459; x_wconf 80' lang='lat' dir='ltr'>huntilis</span> <span class='ocrx_word' id='word_1_157' title='bbox 618 2399 746 2458; x_wconf 82' lang='lat' dir='ltr'>incedere</span> <span class='ocrx_word' id='word_1_158' title='bbox 760 2399 791 2456; x_wconf 90' lang='lat' dir='ltr'>et</span> <span class='ocrx_word' id='word_1_159' title='bbox 805 2397 971 2456; x_wconf 74' lang='lat' dir='ltr'>contristari</span> <span class='ocrx_word' id='word_1_160' title='bbox 994 2399 1133 2458; x_wconf 85' lang='lat' dir='ltr'>debueret</span> <span class='ocrx_word' id='word_1_161' title='bbox 1148 2398 1336 2472; x_wconf 85' lang='lat' dir='ltr'>supercilioso</span> <span class='ocrx_word' id='word_1_162' title='bbox 1358 2401 1507 2472; x_wconf 82' lang='lat' dir='ltr'>superbiae</span> <span class='ocrx_word' id='word_1_163' title='bbox 1520 2400 1568 2457; x_wconf 89' lang='lat' dir='ltr'>tu-</span> 
     </span>
     <span class='ocr_line' id='line_1_20' title="bbox 440 2499 1569 2574; baseline -0.001 -13"><span class='ocrx_word' id='word_1_164' title='bbox 440 2518 518 2561; x_wconf 88' lang='lat' dir='ltr'>more</span> <span class='ocrx_word' id='word_1_165' title='bbox 533 2500 664 2559; x_wconf 80' lang='lat' dir='ltr'>inflatam</span> <span class='ocrx_word' id='word_1_166' title='bbox 677 2501 804 2558; x_wconf 87' lang='lat' dir='ltr'>montem</span> <span class='ocrx_word' id='word_1_167' title='bbox 825 2501 925 2557; x_wconf 75' lang='lat' dir='ltr'>eontra</span> <span class='ocrx_word' id='word_1_168' title='bbox 940 2499 1032 2559; x_wconf 88' lang='lat' dir='ltr'>Deum</span> <span class='ocrx_word' id='word_1_169' title='bbox 1047 2499 1182 2573; x_wconf 78' lang='lat' dir='ltr'>erigeret</span> <span class='ocrx_word' id='word_1_170' title='bbox 1205 2516 1257 2572; x_wconf 87' lang='lat' dir='ltr'>por</span> <span class='ocrx_word' id='word_1_171' title='bbox 1277 2501 1351 2574; x_wconf 87' lang='lat' dir='ltr'>quod</span> <span class='ocrx_word' id='word_1_172' title='bbox 1372 2501 1474 2558; x_wconf 90' lang='lat' dir='ltr'>uitium</span> <span class='ocrx_word' id='word_1_173' title='bbox 1494 2501 1569 2574; x_wconf 79' lang='lat' dir='ltr'>lapsi</span> 
     </span>
     <span class='ocr_line' id='line_1_21' title="bbox 441 2599 1606 2675; baseline -0.003 -13"><span class='ocrx_word' id='word_1_174' title='bbox 441 2602 609 2663; x_wconf 79' lang='lat' dir='ltr'>corrnerunt</span> <span class='ocrx_word' id='word_1_175' title='bbox 630 2599 680 2674; x_wconf 89' lang='lat' dir='ltr'>qui</span> <span class='ocrx_word' id='word_1_176' title='bbox 702 2616 810 2658; x_wconf 90' lang='lat' dir='ltr'>summo</span> <span class='ocrx_word' id='word_1_177' title='bbox 837 2601 910 2659; x_wconf 87' lang='lat' dir='ltr'>eeeli</span> <span class='ocrx_word' id='word_1_178' title='bbox 935 2599 1044 2659; x_wconf 88' lang='lat' dir='ltr'>eonditi</span> <span class='ocrx_word' id='word_1_179' title='bbox 1070 2604 1154 2659; x_wconf 85' lang='lat' dir='ltr'>orent</span> <span class='ocrx_word' id='word_1_180' title='bbox 1178 2601 1312 2659; x_wconf 86' lang='lat' dir='ltr'>eulmine.</span> <span class='ocrx_word' id='word_1_181' title='bbox 1329 2601 1397 2675; x_wconf 90' lang='lat' dir='ltr'>quid</span> <span class='ocrx_word' id='word_1_182' title='bbox 1422 2617 1490 2674; x_wconf 80' lang='lat' dir='ltr'>ergo</span> <span class='ocrx_word' id='word_1_183' title='bbox 1504 2602 1606 2667; x_wconf 76' lang='lat' dir='ltr'>uultse</span> 
     </span>
     <span class='ocr_line' id='line_1_22' title="bbox 441 2703 1571 2781; baseline -0.001 -17"><span class='ocrx_word' id='word_1_184' title='bbox 441 2704 525 2781; x_wconf 83' lang='lat' dir='ltr'>quusi</span> <span class='ocrx_word' id='word_1_185' title='bbox 539 2707 641 2778; x_wconf 87' lang='lat' dir='ltr'>potens</span> <span class='ocrx_word' id='word_1_186' title='bbox 655 2703 686 2762; x_wconf 91' lang='lat' dir='ltr'>in</span> <span class='ocrx_word' id='word_1_187' title='bbox 697 2707 775 2762; x_wconf 85' lang='lat' dir='ltr'>terre</span> <span class='ocrx_word' id='word_1_188' title='bbox 789 2704 947 2778; x_wconf 86' lang='lat' dir='ltr'>superbire,</span> <span class='ocrx_word' id='word_1_189' title='bbox 963 2704 1013 2777; x_wconf 89' lang='lat' dir='ltr'>qui</span> <span class='ocrx_word' id='word_1_190' title='bbox 1028 2721 1097 2777; x_wconf 83' lang='lat' dir='ltr'>prae</span> <span class='ocrx_word' id='word_1_191' title='bbox 1113 2705 1244 2763; x_wconf 88' lang='lat' dir='ltr'>omnibus</span> <span class='ocrx_word' id='word_1_192' title='bbox 1258 2704 1419 2764; x_wconf 89' lang='lat' dir='ltr'>hominibus</span> <span class='ocrx_word' id='word_1_193' title='bbox 1433 2705 1571 2765; x_wconf 83' lang='lat' dir='ltr'>debueret</span> 
     </span>
     <span class='ocr_line' id='line_1_23' title="bbox 440 2802 1570 2880; baseline -0.003 -13"><span class='ocrx_word' id='word_1_194' title='bbox 440 2805 559 2867; x_wconf 91' lang='lat' dir='ltr'>humilis</span> <span class='ocrx_word' id='word_1_195' title='bbox 574 2802 732 2878; x_wconf 78' lang='lat' dir='ltr'>apparere?</span> <span class='ocrx_word' id='word_1_196' title='bbox 755 2804 806 2863; x_wconf 89' lang='lat' dir='ltr'>sod</span> <span class='ocrx_word' id='word_1_197' title='bbox 821 2821 856 2864; x_wconf 89' lang='lat' dir='ltr'>ue</span> <span class='ocrx_word' id='word_1_198' title='bbox 872 2805 906 2864; x_wconf 87' lang='lat' dir='ltr'>de</span> <span class='ocrx_word' id='word_1_199' title='bbox 922 2807 1092 2878; x_wconf 87' lang='lat' dir='ltr'>peuperteto</span> <span class='ocrx_word' id='word_1_200' title='bbox 1107 2823 1160 2863; x_wconf 86' lang='lat' dir='ltr'>sue</span> <span class='ocrx_word' id='word_1_201' title='bbox 1175 2805 1324 2864; x_wconf 84' lang='lat' dir='ltr'>tristitiem</span> <span class='ocrx_word' id='word_1_202' title='bbox 1339 2806 1479 2877; x_wconf 79' lang='lat' dir='ltr'>habeant,</span> <span class='ocrx_word' id='word_1_203' title='bbox 1501 2805 1570 2880; x_wconf 90' lang='lat' dir='ltr'>quid</span> 
     </span>
     <span class='ocr_line' id='line_1_24' title="bbox 440 2905 1569 2982; baseline 0 -16"><span class='ocrx_word' id='word_1_204' title='bbox 440 2925 457 2967; x_wconf 86' lang='grc' dir='ltr'><strong>ο</strong></span> <span class='ocrx_word' id='word_1_205' title='bbox 487 2907 546 2966; x_wconf 89' lang='grc' dir='ltr'><strong>Ι)οο</strong></span> <span class='ocrx_word' id='word_1_206' title='bbox 575 2905 719 2982; x_wconf 85' lang='lat' dir='ltr'>oeoepturi</span> <span class='ocrx_word' id='word_1_207' title='bbox 750 2907 818 2966; x_wconf 89' lang='lat' dir='ltr'>sunt</span> <span class='ocrx_word' id='word_1_208' title='bbox 851 2922 993 2980; x_wconf 77' lang='lat' dir='ltr'>pauperes</span> <span class='ocrx_word' id='word_1_209' title='bbox 1019 2905 1192 2966; x_wconf 74' lang='lat' dir='ltr'>adtendant:</span> <span class='ocrx_word' id='word_1_210' title='bbox 1231 2907 1292 2980; x_wconf 90' lang='lat' dir='ltr'>ipse</span> <span class='ocrx_word' id='word_1_211' title='bbox 1324 2905 1430 2966; x_wconf 84' lang='lat' dir='ltr'>etenim</span> <span class='ocrx_word' id='word_1_212' title='bbox 1459 2905 1569 2980; x_wconf 89' lang='lat' dir='ltr'>inquit:</span> 
     </span>
    </p>
   </div>
   <div class='ocr_carea' id='block_1_5' title="bbox 507 3155 1116 3221">
    <p class='ocr_par' dir='ltr' id='par_1_5' title="bbox 507 3155 1116 3221">
     <span class='ocr_line' id='line_1_25' title="bbox 507 3155 1116 3221; baseline 0 -11"><span class='ocrx_word' id='word_1_213' title='bbox 507 3156 643 3212; x_wconf 76' lang='lat' dir='ltr'>llletth.</span> <span class='ocrx_word' id='word_1_214' title='bbox 661 3156 704 3221; x_wconf 81' lang='lat'>23,</span> <span class='ocrx_word' id='word_1_215' title='bbox 721 3155 747 3211; x_wconf 90' lang='grc'>8.</span> <span class='ocrx_word' id='word_1_216' title='bbox 764 3156 790 3209; x_wconf 82' lang='grc'>9.</span> <span class='ocrx_word' id='word_1_217' title='bbox 893 3157 910 3209; x_wconf 90' lang='grc'><strong>9</strong></span> <span class='ocrx_word' id='word_1_218' title='bbox 929 3155 1030 3210; x_wconf 81' lang='lat' dir='ltr'>Motth.</span> <span class='ocrx_word' id='word_1_219' title='bbox 1048 3155 1075 3220; x_wconf 83' lang='grc'>6,</span> <span class='ocrx_word' id='word_1_220' title='bbox 1092 3157 1116 3211; x_wconf 85' lang='grc'>9.</span> 
     </span>
    </p>
   </div>
   <div class='ocr_carea' id='block_1_6' title="bbox 370 3398 1569 4308">
    <p class='ocr_par' dir='ltr' id='par_1_6' title="bbox 370 3398 1569 4308">
     <span class='ocr_line' id='line_1_26' title="bbox 509 3398 1563 3468; baseline 0 -16"><span class='ocrx_word' id='word_1_221' title='bbox 509 3398 524 3452; x_wconf 89' lang='lat'>1</span> <span class='ocrx_word' id='word_1_222' title='bbox 542 3399 634 3468; x_wconf 73' lang='lat' dir='ltr'>platee</span> <span class='ocrx_word' id='word_1_223' title='bbox 650 3416 669 3455; x_wconf 80' lang='lat' dir='ltr'>o</span> <span class='ocrx_word' id='word_1_224' title='bbox 753 3399 873 3467; x_wconf 79' lang='lat' dir='ltr'>2usque</span> <span class='ocrx_word' id='word_1_225' title='bbox 891 3399 1022 3454; x_wconf 84' lang='lat' dir='ltr'>olemeuit</span> <span class='ocrx_word' id='word_1_226' title='bbox 1040 3414 1091 3454; x_wconf 86' lang='lat' dir='ltr'>om.</span> <span class='ocrx_word' id='word_1_227' title='bbox 1109 3399 1141 3452; x_wconf 88' lang='grc' dir='ltr'>Χ</span> <span class='ocrx_word' id='word_1_228' title='bbox 1231 3399 1392 3454; x_wconf 82' lang='lat' dir='ltr'>3tenerev</span> <span class='ocrx_word' id='word_1_229' title='bbox 1476 3416 1563 3454; x_wconf 87' lang='lat' dir='ltr'>ne...</span> 
     </span>
     <span class='ocr_line' id='line_1_27' title="bbox 438 3485 1536 3556; baseline 0.001 -16"><span class='ocrx_word' id='word_1_230' title='bbox 438 3485 538 3540; x_wconf 77' lang='lat' dir='ltr'>existes</span> <span class='ocrx_word' id='word_1_231' title='bbox 555 3501 605 3539; x_wconf 75' lang='lat' dir='ltr'>ont</span> <span class='ocrx_word' id='word_1_232' title='bbox 626 3485 658 3540; x_wconf 85' lang='lat' dir='ltr'>X</span> <span class='ocrx_word' id='word_1_233' title='bbox 752 3485 901 3540; x_wconf 70' lang='lat' dir='ltr'>christiane</span> <span class='ocrx_word' id='word_1_234' title='bbox 920 3487 953 3550; x_wconf 75' lang='lat' dir='ltr'>(l,</span> <span class='ocrx_word' id='word_1_235' title='bbox 971 3485 1068 3540; x_wconf 74' lang='lat' dir='ltr'>christi</span> <span class='ocrx_word' id='word_1_236' title='bbox 1090 3486 1117 3540; x_wconf 84' lang='lat' dir='ltr'><strong><em>V</em></strong></span> <span class='ocrx_word' id='word_1_237' title='bbox 1216 3487 1392 3556; x_wconf 78' lang='lat' dir='ltr'>omegister]</span> <span class='ocrx_word' id='word_1_238' title='bbox 1410 3489 1488 3555; x_wconf 82' lang='lat' dir='ltr'>pstor</span> <span class='ocrx_word' id='word_1_239' title='bbox 1505 3487 1536 3541; x_wconf 89' lang='lat' dir='ltr'>X</span> 
     </span>
     <span class='ocr_line' id='line_1_28' title="bbox 438 3570 1568 3642; baseline 0.002 -18"><span class='ocrx_word' id='word_1_240' title='bbox 438 3571 544 3625; x_wconf 81' lang='lat' dir='ltr'>lenire</span> <span class='ocrx_word' id='word_1_241' title='bbox 561 3573 604 3625; x_wconf 85' lang='lat' dir='ltr'>eet</span> <span class='ocrx_word' id='word_1_242' title='bbox 619 3571 651 3624; x_wconf 88' lang='lat' dir='ltr'>X</span> <span class='ocrx_word' id='word_1_243' title='bbox 740 3571 822 3640; x_wconf 89' lang='lat' dir='ltr'>enim]</span> <span class='ocrx_word' id='word_1_244' title='bbox 841 3573 931 3625; x_wconf 84' lang='lat' dir='ltr'>eutem</span> <span class='ocrx_word' id='word_1_245' title='bbox 951 3571 983 3624; x_wconf 88' lang='lat' dir='ltr'>X</span> <span class='ocrx_word' id='word_1_246' title='bbox 1074 3571 1092 3624; x_wconf 86' lang='lat'>8</span> <span class='ocrx_word' id='word_1_247' title='bbox 1111 3570 1219 3640; x_wconf 86' lang='lat' dir='ltr'>quibus]</span> <span class='ocrx_word' id='word_1_248' title='bbox 1238 3572 1285 3639; x_wconf 88' lang='lat' dir='ltr'>qui</span> <span class='ocrx_word' id='word_1_249' title='bbox 1303 3573 1332 3625; x_wconf 89' lang='lat' dir='ltr'>et</span> <span class='ocrx_word' id='word_1_250' title='bbox 1349 3571 1382 3624; x_wconf 88' lang='lat' dir='ltr'><em>X</em></span> <span class='ocrx_word' id='word_1_251' title='bbox 1472 3572 1568 3642; x_wconf 79' lang='lat' dir='ltr'>disere]</span> 
     </span>
     <span class='ocr_line' id='line_1_29' title="bbox 437 3655 1537 3720; baseline -0.002 -8"><span class='ocrx_word' id='word_1_252' title='bbox 437 3673 498 3712; x_wconf 87' lang='lat' dir='ltr'>eum</span> <span class='ocrx_word' id='word_1_253' title='bbox 516 3655 585 3711; x_wconf 88' lang='lat' dir='ltr'>dieit</span> <span class='ocrx_word' id='word_1_254' title='bbox 601 3673 631 3720; x_wconf 68' lang='grc' dir='ltr'>ος</span> <span class='ocrx_word' id='word_1_255' title='bbox 650 3657 689 3710; x_wconf 88' lang='lat' dir='ltr'>sio</span> <span class='ocrx_word' id='word_1_256' title='bbox 706 3660 796 3710; x_wconf 83' lang='lat' dir='ltr'>eutem</span> <span class='ocrx_word' id='word_1_257' title='bbox 813 3657 928 3710; x_wconf 79' lang='lat' dir='ltr'>olebitis</span> <span class='ocrx_word' id='word_1_258' title='bbox 946 3655 1012 3711; x_wconf 76' lang='lat' dir='ltr'>edd.</span> <span class='ocrx_word' id='word_1_259' title='bbox 1034 3656 1104 3710; x_wconf 77' lang='lat' dir='ltr'>(We</span> <span class='ocrx_word' id='word_1_260' title='bbox 1247 3658 1265 3711; x_wconf 86' lang='lat'>9</span> <span class='ocrx_word' id='word_1_261' title='bbox 1282 3673 1311 3710; x_wconf 86' lang='lat' dir='ltr'>ee</span> <span class='ocrx_word' id='word_1_262' title='bbox 1329 3656 1359 3710; x_wconf 89' lang='lat' dir='ltr'>in</span> <span class='ocrx_word' id='word_1_263' title='bbox 1378 3657 1460 3711; x_wconf 84' lang='lat' dir='ltr'>eeelis</span> <span class='ocrx_word' id='word_1_264' title='bbox 1476 3657 1537 3711; x_wconf 88' lang='lat' dir='ltr'>XV</span> 
     </span>
     <span class='ocr_line' id='line_1_30' title="bbox 438 3741 1535 3810; baseline 0.002 -15"><span class='ocrx_word' id='word_1_265' title='bbox 438 3742 473 3796; x_wconf 89' lang='lat'>10</span> <span class='ocrx_word' id='word_1_266' title='bbox 483 3744 588 3810; x_wconf 82' lang='lat' dir='ltr'>petrem</span> <span class='ocrx_word' id='word_1_267' title='bbox 599 3743 676 3809; x_wconf 82' lang='lat' dir='ltr'>peter</span> <span class='ocrx_word' id='word_1_268' title='bbox 689 3741 827 3795; x_wconf 89' lang='lat' dir='ltr'>oontendit</span> <span class='ocrx_word' id='word_1_269' title='bbox 842 3742 872 3806; x_wconf 80' lang='lat' dir='ltr'>V,</span> <span class='ocrx_word' id='word_1_270' title='bbox 892 3741 1032 3796; x_wconf 84' lang='lat' dir='ltr'>eontendit</span> <span class='ocrx_word' id='word_1_271' title='bbox 1045 3741 1083 3805; x_wconf 88' lang='lat' dir='ltr'>X,</span> <span class='ocrx_word' id='word_1_272' title='bbox 1102 3741 1240 3796; x_wconf 81' lang='lat' dir='ltr'>contendit</span> <span class='ocrx_word' id='word_1_273' title='bbox 1249 3744 1356 3810; x_wconf 86' lang='lat' dir='ltr'>petrem</span> <span class='ocrx_word' id='word_1_274' title='bbox 1368 3759 1396 3796; x_wconf 91' lang='lat' dir='ltr'>se</span> <span class='ocrx_word' id='word_1_275' title='bbox 1408 3742 1535 3798; x_wconf 81' lang='lat' dir='ltr'>betereo</span> 
     </span>
     <span class='ocr_line' id='line_1_31' title="bbox 437 3826 1534 3898; baseline 0.001 -16"><span class='ocrx_word' id='word_1_276' title='bbox 437 3843 466 3882; x_wconf 87' lang='lat' dir='ltr'>se</span> <span class='ocrx_word' id='word_1_277' title='bbox 483 3827 627 3897; x_wconf 86' lang='lat' dir='ltr'>profitetur</span> <span class='ocrx_word' id='word_1_278' title='bbox 644 3826 742 3881; x_wconf 80' lang='lat' dir='ltr'>bebere</span> <span class='ocrx_word' id='word_1_279' title='bbox 759 3826 796 3893; x_wconf 78' lang='grc' dir='ltr'>Χ,</span> <span class='ocrx_word' id='word_1_280' title='bbox 815 3843 843 3898; x_wconf 93' lang='lat' dir='ltr'>p.</span> <span class='ocrx_word' id='word_1_281' title='bbox 861 3843 883 3880; x_wconf 87' lang='lat' dir='ltr'>s.</span> <span class='ocrx_word' id='word_1_282' title='bbox 902 3827 929 3880; x_wconf 91' lang='lat' dir='ltr'>b.</span> <span class='ocrx_word' id='word_1_283' title='bbox 947 3843 965 3882; x_wconf 87' lang='lat' dir='ltr'>o</span> <span class='ocrx_word' id='word_1_284' title='bbox 1099 3827 1348 3897; x_wconf 67' lang='lat' dir='ltr'>mpedimento</span> <span class='ocrx_word' id='word_1_285' title='bbox 1366 3843 1534 3898; x_wconf 55' lang='lat' dir='ltr'>possessore</span> 
     </span>
     <span class='ocr_line' id='line_1_32' title="bbox 437 3913 1569 3981; baseline -0.001 -14"><span class='ocrx_word' id='word_1_286' title='bbox 437 3913 472 3967; x_wconf 87' lang='grc'>16</span> <span class='ocrx_word' id='word_1_287' title='bbox 490 3913 642 3981; x_wconf 78' lang='lat' dir='ltr'>apostolum</span> <span class='ocrx_word' id='word_1_288' title='bbox 659 3913 769 3981; x_wconf 77' lang='lat' dir='ltr'>paulum</span> <span class='ocrx_word' id='word_1_289' title='bbox 790 3913 831 3968; x_wconf 84' lang='lat' dir='ltr'>Vo</span> <span class='ocrx_word' id='word_1_290' title='bbox 923 3913 1073 3980; x_wconf 86' lang='lat' dir='ltr'>imperetur</span> <span class='ocrx_word' id='word_1_291' title='bbox 1092 3916 1117 3967; x_wconf 82' lang='lat' dir='ltr'><strong><em>G</em></strong></span> <span class='ocrx_word' id='word_1_292' title='bbox 1209 3929 1273 3981; x_wconf 83' lang='lat' dir='ltr'>ergo</span> <span class='ocrx_word' id='word_1_293' title='bbox 1291 3929 1341 3966; x_wconf 73' lang='lat' dir='ltr'>ont</span> <span class='ocrx_word' id='word_1_294' title='bbox 1365 3913 1391 3967; x_wconf 89' lang='lat' dir='ltr'><em>V</em></span> <span class='ocrx_word' id='word_1_295' title='bbox 1477 3915 1569 3981; x_wconf 87' lang='lat' dir='ltr'>potest</span> 
     </span>
     <span class='ocr_line' id='line_1_33' title="bbox 370 3995 1567 4068; baseline -0.002 -16"><span class='ocrx_word' id='word_1_296' title='bbox 370 4061 372 4066; x_wconf 21' lang='lat'>¹</span> <span class='ocrx_word' id='word_1_297' title='bbox 436 3997 496 4052; x_wconf 86' lang='lat' dir='ltr'>lieri</span> <span class='ocrx_word' id='word_1_298' title='bbox 518 3997 559 4053; x_wconf 84' lang='lat' dir='ltr'>Vo</span> <span class='ocrx_word' id='word_1_299' title='bbox 663 3997 696 4051; x_wconf 85' lang='lat' dir='ltr'>l&#39;l</span> <span class='ocrx_word' id='word_1_300' title='bbox 714 3995 849 4051; x_wconf 60' lang='lat' dir='ltr'>inti-mem</span> <span class='ocrx_word' id='word_1_301' title='bbox 867 3999 898 4050; x_wconf 90' lang='lat' dir='ltr'><em>X</em></span> <span class='ocrx_word' id='word_1_302' title='bbox 1005 3999 1122 4052; x_wconf 64' lang='lat' dir='ltr'>terret}</span> <span class='ocrx_word' id='word_1_303' title='bbox 1231 4001 1364 4052; x_wconf 85' lang='lat' dir='ltr'>extremus</span> <span class='ocrx_word' id='word_1_304' title='bbox 1381 3997 1418 4068; x_wconf 90' lang='lat' dir='ltr'>et]</span> <span class='ocrx_word' id='word_1_305' title='bbox 1437 4001 1465 4052; x_wconf 89' lang='lat' dir='ltr'>et</span> <span class='ocrx_word' id='word_1_306' title='bbox 1482 3999 1567 4052; x_wconf 79' lang='lat' dir='ltr'>entre·</span> 
     </span>
     <span class='ocr_line' id='line_1_34' title="bbox 437 4082 1567 4156; baseline -0.001 -17"><span class='ocrx_word' id='word_1_307' title='bbox 437 4085 572 4156; x_wconf 80' lang='lat' dir='ltr'>museto.</span> <span class='ocrx_word' id='word_1_308' title='bbox 591 4082 623 4137; x_wconf 82' lang='lat' dir='ltr'>X</span> <span class='ocrx_word' id='word_1_309' title='bbox 719 4084 752 4138; x_wconf 87' lang='lat'>19</span> <span class='ocrx_word' id='word_1_310' title='bbox 769 4083 965 4138; x_wconf 77' lang='lat' dir='ltr'>inflammetem</span> <span class='ocrx_word' id='word_1_311' title='bbox 985 4083 1016 4138; x_wconf 85' lang='lat' dir='ltr'>X</span> <span class='ocrx_word' id='word_1_312' title='bbox 1113 4083 1149 4138; x_wconf 80' lang='lat'>20</span> <span class='ocrx_word' id='word_1_313' title='bbox 1165 4083 1194 4138; x_wconf 86' lang='lat' dir='ltr'>iu</span> <span class='ocrx_word' id='word_1_314' title='bbox 1212 4099 1350 4139; x_wconf 83' lang='lat' dir='ltr'>summos</span> <span class='ocrx_word' id='word_1_315' title='bbox 1441 4085 1567 4154; x_wconf 80' lang='lat' dir='ltr'>21pree]</span> 
     </span>
     <span class='ocr_line' id='line_1_35' title="bbox 437 4168 1567 4241; baseline 0.001 -18"><span class='ocrx_word' id='word_1_316' title='bbox 437 4185 485 4238; x_wconf 90' lang='lat' dir='ltr'>pro</span> <span class='ocrx_word' id='word_1_317' title='bbox 504 4168 561 4222; x_wconf 77' lang='lat' dir='ltr'>GV</span> <span class='ocrx_word' id='word_1_318' title='bbox 676 4169 712 4224; x_wconf 76' lang='lat'>22</span> <span class='ocrx_word' id='word_1_319' title='bbox 728 4185 778 4224; x_wconf 86' lang='lat' dir='ltr'>sue</span> <span class='ocrx_word' id='word_1_320' title='bbox 795 4185 844 4224; x_wconf 81' lang='lat' dir='ltr'>om.</span> <span class='ocrx_word' id='word_1_321' title='bbox 865 4169 897 4224; x_wconf 87' lang='grc' dir='ltr'><strong><em>Χ</em></strong></span> <span class='ocrx_word' id='word_1_322' title='bbox 1015 4170 1051 4224; x_wconf 79' lang='lat'>23</span> <span class='ocrx_word' id='word_1_323' title='bbox 1069 4170 1202 4239; x_wconf 76' lang='lat' dir='ltr'>recepturi</span> <span class='ocrx_word' id='word_1_324' title='bbox 1220 4170 1278 4224; x_wconf 89' lang='lat' dir='ltr'>sint</span> <span class='ocrx_word' id='word_1_325' title='bbox 1298 4170 1339 4225; x_wconf 87' lang='lat' dir='ltr'>Vo</span> <span class='ocrx_word' id='word_1_326' title='bbox 1458 4171 1567 4241; x_wconf 81' lang='lat' dir='ltr'>etenbn]</span> 
     </span>
     <span class='ocr_line' id='line_1_36' title="bbox 438 4269 546 4308; baseline 0 0"><span class='ocrx_word' id='word_1_327' title='bbox 438 4269 509 4308; x_wconf 89' lang='lat' dir='ltr'>emm</span> <span class='ocrx_word' id='word_1_328' title='bbox 529 4270 546 4308; x_wconf 85' lang='lat' dir='ltr'>o</span> 
     </span>
    </p>
   </div>
   <div class='ocr_carea' id='block_1_7' title="bbox 0 0 2012 5054">
    <p class='ocr_par' dir='ltr' id='par_1_7' title="bbox 0 0 2012 5054">
     <span class='ocr_line' id='line_1_37' title="bbox 0 0 2012 5054; baseline 0 2"><span class='ocrx_word' id='word_1_329' title='bbox 0 0 2012 5054; x_wconf 95' lang='lat' dir='ltr'> </span> 
     </span>
    </p>
   </div>
  </div>
 </body>
</html>
