4000 5066
475 487 540 552 276
947 487 1129 558 Appendix.

475 643 610 702 miserum
624 643 765 704 laborare.
791 646 828 704 ad
842 645 911 720 qnid
926 645 1112 706 christianam
1138 645 1251 706 lidelem
1276 645 1401 708 animam
1423 649 1510 721 putas
1524 647 1601 707 intre

475 761 617 804 cernerem
632 747 730 806 mundi
746 747 881 808 remorari
895 747 1028 808 debuisse
1041 748 1088 807 nui
1102 751 1181 808 totus
1204 750 1327 810 mundos
1341 729 1523 823 naufragium
1544 752 1599 808 est.

475 847 566 907 tantis
581 850 611 906 et
624 847 734 908 talibus
749 849 971 923 tempestatibus
992 850 1070 909 uitae
1097 852 1141 909 tot
1166 850 1399 924 impugnationes
1414 850 1531 923 diaboli,
1556 853 1601 910 tot

476 951 602 1025 eorporis
616 952 703 1024 bellu,
719 955 764 1012 tet
785 952 894 1012 saeculi
908 953 1004 1013 clades
1032 953 1084 1030 [tot
1099 953 1288 1030 miamitates]
1304 953 1407 1014 enuit.
1422 957 1453 1013 et
1466 953 1600 1013 lacrimas

476 1053 591 1126 lundis,
619 1055 703 1128 quasi
728 1055 837 1115 neseias
856 1055 923 1129 quid
939 1055 969 1114 in
993 1059 1022 1116 te
1038 1055 1099 1130 ipse
1124 1055 1229 1116 ootidie
1251 1056 1383 1130 patiaris.
1398 1058 1515 1130 propter
1528 1057 1624 1130 quoda

476 1155 614 1216 Dominus
628 1159 672 1216 sin
686 1157 818 1217 admonet
830 1157 972 1232 apostolos
987 1175 1056 1218 euos
1085 1157 1198 1217 disens:
1225 1157 1259 1218 si
1281 1175 1331 1218 me
1353 1157 1602 1228 dilexissetis,

476 1259 709 1332 gauderetis,
733 1259 902 1333 qnoniam
923 1261 1012 1320 uado
1034 1261 1074 1319 ad
1096 1263 1250 1334 patrem.
1278 1260 1363 1334 plane
1385 1261 1526 1318 mortuum
1547 1259 1603 1317 Le·

477 1377 573 1420 aarum
589 1361 680 1433 fleuit,
696 1363 746 1422 sed
762 1379 817 1422 non
833 1362 893 1422 tuis
907 1362 1043 1422 laerimis.
1066 1363 1285 1424 resurrectionis
1300 1362 1456 1436 promissor
1478 1361 1603 1422 dolorem

477 1462 578 1523 dooere
592 1481 649 1522 nou
664 1466 788 1536 poterat,
815 1482 851 1524 ne
865 1465 949 1525 fldem
964 1465 1113 1539 perfidiam
1135 1467 1245 1526 lauerat
1259 1481 1345 1540 quam
1368 1465 1496 1524 doeebut.
1513 1463 1605 1522 doluit

475 1565 614 1624 Lamum
629 1583 685 1625 non
700 1567 894 1638 dormientem,
911 1567 961 1626 sed
975 1567 1072 1640 potius
1093 1569 1301 1640 resurgentem,
1316 1569 1347 1625 et
1357 1566 1445 1626 debut
1458 1579 1542 1640 quem
1556 1581 1603 1623 eo-
1616 1591 1639 1628 m

477 1667 600 1740 gebatur
613 1671 730 1741 propter
752 1668 905 1729 salnandos
929 1667 1002 1728 elios
1018 1668 1057 1745 [ot
1071 1669 1283 1729 confundendos
1304 1667 1473 1742 ineredulosl
1489 1667 1603 1726 saeculo

477 1784 621 1830 reuocare.
637 1769 712 1828 hane
727 1771 818 1830 uitam
833 1771 904 1829 daus
919 1771 1056 1830 Dominus
1071 1771 1286 1844 ingemisuebat,
1302 1787 1388 1845 quam
1399 1772 1431 1828 tu
1446 1769 1526 1828 doles
1540 1786 1603 1827 esso

479 1871 633 1932 sublatam.
656 1876 757 1932 eontra
770 1873 905 1932 lacrimas
920 1873 983 1932 eius
1005 1877 1134 1947 pugnent
1151 1874 1285 1933 leerimao
1300 1877 1376 1944 tuae,
1399 1875 1429 1930 ot
1443 1889 1521 1930 amor
1535 1873 1602 1930 tuus

478 1975 569 2032 umori
584 1975 656 2032 eius.
677 1974 739 2033 eius
752 1974 835 2033 fletus
850 1992 906 2034 non
921 1975 1008 2034 habet
1021 1993 1127 2048 parem.
1143 1974 1193 2034 ille
1205 1974 1321 2035 nolebat
1330 1975 1449 2033 reddere
1461 1971 1605 2032 laboribus

479 2091 564 2150 quem
579 2076 730 2150 dilexerat,
753 2079 784 2136 st
798 2079 830 2135 tu
845 2093 941 2136 amare
963 2079 992 2136 te
1006 2077 1098 2136 eredis
1113 2078 1158 2138 nui
1174 2078 1303 2136 laborum
1317 2075 1434 2137 uolebas
1448 2077 1542 2136 adhue
1556 2093 1607 2134 rs·
1617 2093 1641 2132 ra

479 2181 557 2238 stare
568 2183 718 2238 tormenta.
735 2183 861 2239 osterum
874 2179 900 2237 si
911 2183 994 2252 putee
1009 2195 1073 2238 enm
1087 2185 1229 2240 mortuum
1244 2181 1382 2238 Lazarum
1393 2178 1528 2251 doluisse,
1540 2183 1606 2238 ante

479 2297 536 2338 uon
551 2279 730 2353 permisisset
755 2281 831 2339 exiro
856 2279 905 2354 qui
930 2281 1067 2353 repellere
1094 2285 1209 2354 poterut
1232 2283 1367 2352 mertem,
1393 2284 1445 2339 aut
1459 2281 1536 2340 oerte
1550 2297 1607 2338 non

480 2381 561 2440 fleret
575 2383 625 2456 qni
640 2384 782 2442 mortum
798 2381 968 2442 resuscitare
983 2385 1163 2456 postmodum
1179 2384 1320 2443 habuerat
1333 2385 1512 2457 potestatem.
1535 2383 1609 2440 unde

479 2486 602 2556 apparet
616 2485 679 2543 sola
693 2501 756 2543 eum
773 2502 858 2543 eausa
873 2484 962 2543 luisse
978 2487 1147 2544 commotum
1162 2487 1239 2558 quod
1253 2485 1290 2544 ad
1305 2485 1439 2544 hostilem
1454 2485 1542 2544 uitem
1559 2501 1606 2543 oa·

481 2584 625 2644 rissimum
641 2602 726 2644 sunm
740 2601 875 2644 reuocare
890 2585 983 2644 denuo
1007 2588 1126 2659 prepter
1140 2587 1299 2646 eruditurus
1326 2587 1440 2660 aliquos
1465 2586 1511 2646 uel
1537 2601 1643 2644 eoru-so

483 2685 644 2746 tondendos
660 2687 822 2747 incredulos
844 2687 1010 2758 urgebatur.
1039 2687 1160 2761 denique
1188 2688 1229 2748 sic
1245 2690 1414 2749 subsecutus
1430 2692 1475 2746 est
1496 2689 1606 2746 disens:

551 2854 567 2904 6
588 2853 623 2906 le.
643 2853 685 2916 14,
703 2853 744 2904 28.

552 2991 567 3040 1
586 2987 620 3041 ud
638 2988 785 3056 quid...t.
803 2991 823 3042 2
839 2991 882 3042 est
899 3005 950 3044 οιιι.
968 2989 987 3043 le
1094 2989 1127 3042 ad
1146 2989 1220 3057 qnid]
1240 2988 1345 3056 aliquid
1363 3009 1382 3055 μ
1486 2987 1610 3040 christin-

483 3087 545 3124 nam
565 3075 594 3125 et
610 3091 636 3136 n,
654 3073 783 3126 tristitia:
802 3089 864 3126 uam
883 3073 909 3126 Ζ
1031 3075 1048 3126 2
1065 3072 1188 3126 debuisse
1206 3088 1256 3126 om.
1276 3073 1301 3125 Ζ
1425 3073 1442 3124 3
1459 3071 1562 3124 talibus
1581 3087 1611 3123 an

484 3161 606 3213 butislo
725 3161 754 3212 et
770 3175 821 3216 om.
838 3175 874 3227 rp
1011 3159 1101 3212 sabuli
1119 3174 1155 3225 rp
1275 3158 1294 3210 4
1312 3157 1401 3212 clades
1419 3157 1517 3211 saeculi
1536 3157 1578 3210 Ζυ

483 3248 527 3298 tot
543 3245 714 3300 calamitates
732 3261 783 3299 om.
801 3245 857 3314 rpb
993 3246 1011 3298 5
1029 3243 1100 3312 quod
1118 3245 1176 3311 Ζμ·
1309 3243 1472 3296 tadmonet
1488 3243 1612 3296 dominus

485 3333 534 3399 (sie
550 3333 649 3400 emble
769 3347 813 3384 me
829 3329 980 3398 diligeretis
1000 3330 1049 3394 Zv,
1066 3328 1217 3397 diligeretis
1236 3327 1316 3381 melu
1441 3327 1456 3379 'd
1476 3327 1611 3395 quonium}

485 3417 585 3483 quiade
717 3416 836 3468 lozarum
854 3415 930 3468 fleuit
947 3415 1119 3469 mortuumb
1244 3415 1262 3466 8
1279 3429 1333 3467 non
1351 3413 1407 3466 tuis
1424 3413 1443 3466 l.
1461 3429 1484 3474 r,
1503 3413 1613 3466 nuntiem

485 3502 604 3555 laefimis
622 3521 650 3568 p,
669 3516 722 3554 non
740 3505 801 3554 tuae
818 3500 971 3568 lachrymas
988 3499 1062 3553 ludit
1079 3501 1105 3564 lo,
1123 3515 1177 3554 non
1195 3516 1258 3554 suaa
1277 3498 1348 3552 ludit
1366 3499 1392 3551 Z
1494 3497 1612 3550 dolorem

486 3587 586 3656 dooere]
605 3585 696 3640 dolere
712 3603 730 3640 o
849 3587 867 3640 9
883 3601 931 3639 neo
948 3584 1001 3639 fide
1018 3587 1044 3639 Ζ
1146 3585 1313 3653 perlldsmp
1435 3584 1468 3637 10
1485 3587 1514 3636 et
1532 3583 1614 3636 tiebat

486 3689 536 3726 οιιι
555 3673 583 3727 Ζ
720 3673 751 3725 11
771 3675 798 3726 et
816 3688 837 3726 o.
857 3671 1007 3726 incredulos
1024 3689 1075 3726 οιιι.
1093 3673 1149 3741 rpls
1282 3671 1315 3724 ad
1333 3669 1469 3725 saeculnm
1487 3670 1546 3723 ΖΙιι

486 3760 521 3812 12
537 3745 588 3812 (ὶῖιι
605 3757 672 3812 (lans
690 3757 718 3810 Ζ
857 3773 937 3824 quam
955 3757 996 3824 tu]
1015 3759 1146 3824 quantum
1165 3759 1198 3826 μι
1341 3756 1376 3810 14
1393 3755 1491 3808 amoris
1509 3772 1544 3822 ra

487 3841 554 3912 ains]
573 3858 626 3897 nou
649 3843 775 3896 conuenit
798 3841 863 3896 odd.
880 3842 915 3898 bs
1035 3842 1091 3896 eius
1115 3841 1210 3896 fletum
1227 3857 1252 3904 r,
1275 3841 1384 3894 lleotum
1401 3859 1429 3908 μ,
1454 3839 1533 3892 fletus
1556 3837 1614 3891 eiua

488 3929 521 3992 Ζ,
538 3929 583 3982 1ιίι
602 3929 716 3983 lletnab
830 3945 922 3997 parum
941 3928 1111 3998 mpietatem
1129 3929 1148 3982 b
1264 3927 1298 3981 15
1316 3929 1344 3981 te
1362 3943 1412 3980 ona
1432 3926 1470 3988 Ζ,·
1491 3923 1614 3978 credebas

487 4013 551 4068 tels
648 4014 757 4084 restare]
776 4015 945 4083 praestaret
1037 4015 1071 4068 16
1089 4015 1168 4082 putas
1186 4013 1248 4068 ΖΜ
1340 4014 1477 4065 mumdum
1495 4027 1544 4064 osu.
1563 4012 1582 4064 b

486 4099 562 4168 ante]
580 4115 614 4154 an
633 4120 653 4170 μ
758 4101 791 4154 17
809 4103 915 4170 poterat
934 4099 1062 4168 repellere
1079 4119 1108 4168 μ,
1125 4099 1254 4168 repellere
1272 4098 1401 4168 potuitb,
1419 4111 1499 4164 quarn
1518 4095 1615 4164 pellere

487 4189 593 4255 poterat
610 4186 635 4240 Ζ
779 4187 813 4240 18
830 4187 960 4240 suscitare
977 4187 1003 4250 le,
1021 4183 1199 4240 resuscitandi
1217 4185 1261 4239 Zo
1405 4183 1438 4235 19
1454 4186 1531 4251 paret
1549 4185 1581 4251 ¹u'

488 4287 548 4325 omn
568 4271 625 4325 sola
643 4287 674 4325 sa
692 4272 731 4324 Zo
851 4274 1015 4326 summotum
1033 4271 1058 4326 Z
1170 4271 1259 4326 uitam
1276 4285 1327 4324 eos
1346 4269 1373 4322 Ζ
1485 4269 1520 4322 20
1537 4283 1614 4320 suum

488 4373 537 4409 mn.
556 4358 574 4409 le
678 4355 765 4410 denno
783 4357 845 4410 est
948 4357 1002 4424 uel]
1020 4358 1084 4412 etlu
1188 4357 1221 4410 21
1240 4341 1291 4409 dns
1309 4355 1398 4410 disens
1418 4353 1458 4408 Ze
