4000 5066
915 364 1096 434 llppcnclix.

632 525 717 582 Sorte
731 526 813 596 peter
827 523 938 597 gelidos
952 521 981 581 in
997 524 1092 597 spiras
1107 523 1229 582 lubricat
1244 541 1351 598 angues

632 625 906 699 Quadrupedumque
921 641 1024 698 greges
1039 627 1116 684 totos
1130 625 1265 684 dillnndit
1279 626 1309 684 iu
1324 643 1411 700 egros

632 725 795 802 Cunctaque
810 725 962 799 multiplici
978 725 1127 786 mandauit
1141 743 1268 788 creseere
1284 727 1390 802 pessim

631 827 763 888 (termine
778 831 808 887 et
823 828 969 887 immensis
983 845 1079 888 errore
1094 833 1125 888 et
1139 845 1256 902 poscere
1271 829 1366 888 terris.

570 930 610 989 25
676 931 756 990 Hsec
770 931 818 990 ubi
834 930 983 990 constituit
998 929 1096 990 diuino
1110 929 1241 1004 potentis
1255 931 1349 1010 iussu,

635 1031 783 1092 Rectorem
799 1031 954 1106 inspiciens
969 1033 1121 1092 mundanis
1137 1032 1233 1092 defore
1249 1034 1334 1092 robus

631 1133 711 1193 llaec
724 1136 877 1194 memoret:
894 1133 1035 1194 hominem
1050 1134 1156 1194 uostris
1171 1133 1309 1194 isciumus
1322 1135 1352 1193 in
1367 1150 1491 1209 unguem

631 1234 768 1295 vultibus
782 1237 953 1308 adsimilem,
969 1237 1029 1295 toto
1046 1238 1095 1309 qui
1110 1241 1212 1310 regnet
1226 1237 1256 1294 in
1272 1239 1347 1296 orbe.

632 1335 672 1394 Et
685 1337 754 1397 licet
768 1337 845 1396 hunc
858 1354 914 1396 uno
930 1341 1026 1410 posset
1041 1354 1200 1411 conponere
1218 1339 1315 1409 uerbo,

571 1440 612 1498 30
634 1439 700 1511 Ipse
715 1441 811 1498 temen
826 1442 927 1499 sencts
941 1439 1077 1512 dignutus
1093 1441 1195 1499 ducere
1209 1441 1319 1511 dextre,

632 1540 759 1612 Inspiret
774 1541 890 1600 brutum
904 1541 1001 1600 diuino
1018 1559 1035 1599 e
1050 1544 1165 1614 pectore
1181 1543 1291 1614 peetus.

677 1643 765 1710 Quem
780 1644 931 1716 postquem
946 1641 1041 1717 siligio
1057 1642 1210 1702 fermotum
1226 1660 1276 1702 ceu
1291 1661 1343 1704 sus
1358 1644 1441 1716 uidit,

634 1743 752 1802 Metitur
768 1742 860 1803 solum
872 1745 1019 1804 mordaces
1033 1745 1149 1805 uoluere
1165 1762 1256 1806 cures.

634 1845 718 1904 Ilicet
732 1846 840 1918 irriguo
856 1846 1003 1918 pertundit
1017 1847 1126 1904 lumine
1141 1863 1251 1919 somno,

572 1946 612 2005 35
635 1947 752 2006 Mollius
767 1951 800 2006 ut
815 1946 899 2007 uuilse
913 1948 1051 2006 formetur
1066 1948 1173 2007 tornius
1187 1952 1267 2008 coste

634 2050 729 2122 Atque
745 2051 826 2108 ortus
841 2049 931 2108 nnixtu
946 2049 1059 2122 gemino
1075 2050 1239 2108 summotis
1253 2050 1354 2110 firmet.

636 2151 749 2208 Inditur
763 2153 793 2210 et
808 2165 909 2209 nomen
924 2151 1001 2209 uites
1017 2151 1092 2223 qnod
1108 2151 1213 2209 dicitnr
1227 2150 1298 2210 Eue.

636 2251 814 2325 Quapropter
829 2253 890 2311 neti
905 2251 1041 2325 linquunt
1056 2253 1090 2312 de
1106 2269 1182 2312 more
1198 2253 1331 2324 parentes

637 2353 867 2428 coniugibusque
882 2355 943 2414 suis
957 2353 1058 2428 positis
1073 2373 1138 2415 cum
1153 2354 1269 2414 cedibus
1283 2355 1413 2415 haerent.

571 2457 614 2514 40
636 2456 762 2527 septime
776 2455 839 2514 luce
856 2457 931 2515 Deus
948 2457 1087 2516 lectorum
1103 2457 1159 2516 line
1174 2456 1295 2529 quieuit,

637 2557 782 2616 Socratem
797 2559 928 2616 statuens
943 2559 1058 2616 uenturi
1073 2557 1109 2616 ed
1125 2557 1230 2632 gaudia
1245 2555 1346 2616 secoli:

637 2655 722 2716 Ilicet
735 2658 871 2717 exhibitis
886 2659 1062 2716 animantum
1078 2676 1112 2717 ex
1127 2658 1226 2717 ordine
1241 2657 1335 2716 turbis

637 2757 754 2816 Viritim
770 2758 881 2818 cunctis
897 2775 998 2818 nomon
1014 2760 1090 2832 quod
1105 2761 1253 2831 pormanet
1268 2759 1343 2818 indit

636 2860 764 2920 Ademus
780 2861 885 2920 donata
900 2861 956 2920 sibi
971 2859 1124 2935 prudentie
1139 2861 1250 2920 sollers.

574 2961 615 3020 45
638 2962 727 3030 Quem
743 2963 820 3020 Deus
835 2962 959 3035 elloquio
974 2960 1100 3021 iunctum
1116 2962 1254 3036 dignetur
1269 2964 1299 3020 et
1313 2962 1420 3021 Euam:

637 3063 763 3122 Crescite
778 3063 945 3122 multimodo
960 3067 1082 3122 uenturo
1096 3063 1125 3122 in
1140 3065 1379 3138 temperamento,

639 3166 680 3225 Vt
693 3165 776 3240 polus
792 3170 821 3226 et
835 3167 936 3240 plense
952 3170 1048 3226 uestro
1063 3168 1122 3231 sint
1136 3167 1264 3240 geronius
1279 3170 1381 3240 terroe,

518 3469 552 3523 21
571 3470 648 3536 peter
665 3467 771 3535 gelidos
789 3468 825 3532 R,
843 3467 1044 3536 prcegeudoso
1171 3468 1245 3536 spire
1262 3467 1289 3523 R
1408 3467 1443 3522 ‘22
1462 3465 1577 3536 qusdru·

450 3555 547 3624 ludum
559 3554 691 3624 gregesR
758 3553 792 3608 27
811 3555 911 3607 nostris
928 3553 1064 3608 hominem
1083 3553 1102 3607 f.
1120 3553 1163 3607 od.
1181 3569 1298 3621 unguem
1315 3552 1465 3609 Fabricius
1482 3557 1510 3607 et
1527 3569 1544 3608 o

450 3640 484 3694 28
501 3642 599 3709 regnet
616 3639 644 3695 R
814 3639 849 3692 29
867 3639 938 3693 huno
955 3655 1008 3694 nno
1026 3640 1183 3701 Patricius,
1203 3639 1253 3692 hoc
1270 3653 1322 3691 uno
1339 3638 1397 3692 colo
1415 3638 1444 3694 R
1460 3638 1509 3692 scd
1526 3638 1579 3692 hoc

449 3740 470 3778 s.
490 3725 508 3778 t
525 3727 597 3778 Μ
673 3722 707 3777 32
725 3726 868 3791 postquem
886 3723 1000 3778 ortillois
1018 3723 1164 3778 formatum
1182 3723 1211 3776 in
1228 3722 1348 3792 imsgine
1366 3722 1438 3776 uidit
1456 3721 1544 3778 Osco.

449 3809 485 3864 33
501 3810 623 3880 metitur]
646 3825 700 3864 non
720 3809 827 3879 potitur
849 3809 918 3865 coni.
944 3809 1008 3865 Bal.
1213 3807 1248 3863 36
1265 3809 1350 3864 mixte
1371 3807 1494 3876 geminos
1517 3807 1546 3864 R

450 3896 484 3948 37
502 3895 586 3964 niteo]
604 3895 683 3949 uince
700 3895 851 3949 Fabricius
953 3895 989 3948 40
1005 3896 1065 3949 luce
1076 3895 1113 3962 R,
1131 3895 1267 3963 quendoo
1368 3893 1402 3947 41
1422 3894 1527 3947 secrete
1545 3894 1578 3944 st.

451 3997 476 4035 u.
494 3979 595 4049 gaudis
612 3980 749 4035 Herelius
767 3987 792 4034 et
810 3997 827 4034 o
938 3980 973 4034 42
991 3979 1101 4034 exibitis
1113 3980 1142 4036 R
1243 3979 1278 4034 43
1296 3978 1410 4048 uiritim]
1428 3977 1579 4033 distinctim

454 4067 542 4122 oxon
633 4065 669 4122 44
686 4065 776 4121 erlend
795 4083 812 4121 s
828 4065 937 4121 domino
955 4066 1056 4120 donato
1073 4065 1215 4135 prudentio
1232 4065 1368 4120 Montius
1386 4071 1413 4120 et
1430 4064 1581 4126 Pometios,

450 4151 540 4205 odeum
557 4168 574 4207 s
591 4151 698 4207 domino
715 4151 781 4207 dots
798 4167 866 4221 quse
883 4151 1026 4220 prudentis
1042 4151 1200 4218 Fabricius,
1219 4151 1309 4206 edsmi
1323 4150 1460 4206 edomino
1478 4148 1579 4204 donstu

450 4237 564 4294 scientis
586 4239 675 4294 Oxou.
778 4239 813 4294 46
830 4242 972 4292 uenturum
990 4238 1018 4292 R
