4012 5056
379 400 454 450 xcn
785 381 934 437 coecilii
959 381 1123 452 Cypriani

379 535 447 602 eius
461 536 602 617 interfui,
618 537 645 603 si
657 555 719 620 quc
733 535 772 602 de
783 535 1013 620 antiquioribus
1025 537 1172 619 comperi,
1188 535 1301 616 dicum,
1316 535 1396 603 huno
1410 537 1518 602 temen

378 640 490 722 petens
515 639 650 720 nenium,
678 638 715 705 nt
736 637 886 722 quicquid
909 636 1014 705 minus
1038 637 1143 705 dixero
1169 637 1286 723 (minue
1307 639 1391 704 enim
1412 639 1518 705 dicum

379 757 505 806 necesso
513 741 574 823 ost)
582 740 777 826 ignorantiae
788 759 876 806 meae
887 740 994 823 potins
1005 758 1100 823 quum
1111 739 1199 805 illius
1211 739 1329 823 glories
1340 738 1517 823 derogetur.

378 839 464 906 inter
476 840 552 908 fidei
566 859 641 908 sune
655 841 759 924 prims
769 841 949 907 rudimento
959 839 1041 906 nihil
1051 840 1141 907 eliud
1154 839 1288 908 credidit
1296 841 1361 907 Deo
1373 840 1517 938 dignum,

379 962 476 1027 quum
490 944 519 1011 si
534 943 757 1010 continentiam
771 943 923 1009 tueretur.
945 943 1022 1010 tunc
1037 943 1122 1009 enim
1135 960 1226 1026 posse
1239 943 1387 1009 idoneum
1401 942 1470 1010 fieri
1484 943 1538 1010 etr

380 1046 490 1130 pectus
501 1045 535 1111 et
545 1063 671 1111 sensnm
683 1045 724 1111 ed
734 1045 861 1128 plenem
875 1045 943 1111 ueri
958 1046 1176 1127 capessentem,
1192 1045 1221 1112 si
1235 1043 1519 1129 concupiscentium

381 1145 485 1212 curnis
505 1146 633 1212 mbusto
654 1147 749 1230 etque
768 1145 892 1231 integro
913 1147 1140 1214 sanctimoniae
1159 1147 1265 1212 tenore
1280 1146 1422 1213 celcerst.
1448 1146 1519 1230 quis

380 1265 532 1331 umquem
561 1247 645 1314 tenti
670 1247 818 1315 miraculi
843 1249 1013 1315 meminit?
1042 1249 1182 1316 nondum
1206 1247 1339 1316 mcundu
1364 1249 1519 1316 natiuites
1618 1295 1621 1304 -

383 1368 501 1416 nouum
520 1349 679 1416 hominem
701 1351 863 1434 splendore
881 1351 950 1416 toto
966 1350 1517 1430 &numerumnunerum

381 1451 502 1516 ueteres
516 1467 553 1514 ec
567 1451 717 1535 pristinos
731 1451 876 1517 tenebras
891 1451 958 1517 sole
972 1451 1054 1518 ln'cis
1068 1453 1217 1534 peratore
1230 1451 1385 1518 umeebet.
1405 1451 1518 1518 deinde
1528 1470 1555 1510 ιο

381 1551 464 1634 quod
486 1555 589 1620 meins
612 1555 670 1638 est,
693 1572 765 1620 cum
781 1552 966 1619 delectione
989 1553 1098 1619 diuino
1119 1553 1273 1636 queedsm
1295 1553 1360 1618 iem
1383 1571 1444 1619 non
1464 1570 1520 1636 pro
1593 1539 1595 1545 ’

380 1654 559 1724 condicione
579 1654 731 1722 nonnus
751 1654 806 1721 sed
826 1673 882 1739 pro
902 1653 977 1721 fidei
996 1653 1198 1721 festinatione
1219 1653 1391 1733 didicisset,
1407 1653 1519 1720 stetim

380 1755 487 1838 rapuit
506 1755 588 1839 quod
609 1756 734 1823 inuenit
753 1756 956 1841 promerendo
972 1755 1107 1822 Domino
1127 1755 1337 1841 profuturum.
1361 1755 1521 1822 dumetis

382 1858 475 1924 rebus
501 1857 567 1924 suis
591 1857 631 1923 od
654 1856 866 1942 indigentium
891 1859 1064 1923 multorum
1087 1876 1196 1941 peoem
1218 1858 1432 1924 sustinendum
1453 1857 1522 1923 tote

381 1976 477 2040 propo
491 1959 594 2042 pretio.
607 1959 787 2043 dispensans
802 1959 864 2024 duo
878 1959 960 2025 bone
974 1959 1071 2025 simul
1082 1958 1195 2039 iunxit,
1217 1961 1255 2025 ut
1268 1960 1302 2025 et
1315 1959 1521 2026 ambitionem
1529 1981 1555 2023 rr

385 2059 503 2124 soeculi
533 2061 692 2142 sperneret
717 2078 780 2143 que
805 2060 1012 2144 perniciosius
1036 2059 1118 2126 nihil
1143 2061 1192 2126 est
1217 2063 1250 2126 et
1274 2060 1522 2127 misericordium

383 2180 479 2245 quom
494 2161 579 2228 Deus
604 2162 702 2228 etiem
725 2161 886 2228 sacrificiis
909 2162 976 2229 suis
996 2163 1158 2245 praetulit,
1184 2181 1280 2246 quum
1301 2181 1357 2229 noc
1377 2163 1442 2242 ille,
1466 2161 1521 2245 qui

384 2261 465 2346 legis
480 2263 585 2328 omnio
598 2263 750 2329 mendstc
764 2281 905 2329 seruasse
918 2282 952 2328 se
968 2263 1091 2330 dixerut
1105 2263 1189 2342 iecit,
1205 2265 1362 2349 impleret,
1384 2265 1417 2330 st
1429 2281 1521 2347 prco-

383 2383 515 2449 propers
529 2363 696 2431 uelocitate
710 2365 841 2447 pietatis
855 2384 953 2451 poene
968 2366 1041 2430 unte
1056 2365 1160 2448 coepit
1174 2364 1329 2449 perfectus
1345 2383 1411 2432 esse
1423 2385 1519 2449 quern

386 2466 529 2534 disceret.
553 2466 623 2549 quis
644 2484 697 2532 oro
717 2466 756 2532 de
773 2467 932 2534 ueteribus
951 2467 1010 2534 hoc
1030 2466 1128 2536 fecit?
1148 2469 1219 2552 quis
1236 2469 1275 2534 ds
1289 2466 1554 2552 antiquissimisoo

383 2569 417 2633 in
442 2567 505 2633 fide
530 2567 666 2645 senibus,
693 2585 825 2650 quorum
852 2571 973 2634 montoe
996 2572 1029 2635 st
1050 2589 1141 2636 eures
1166 2569 1398 2652 perplurimos
1424 2585 1519 2635 cnnos

384 2667 492 2734 diuino
518 2667 616 2735 uerbo
640 2669 853 2754 pulsauereut,
881 2671 946 2738 telo
970 2671 1092 2756 aliquid
1113 2671 1280 2756 impendit,
1305 2672 1398 2754 quale
1418 2669 1521 2737 edhnc

383 2770 470 2836 rudis
504 2769 578 2837 fidei
607 2771 640 2836 ot
668 2771 720 2836 cui
750 2772 888 2837 nondum
923 2775 1056 2840 forsitan
1089 2773 1268 2840 crederetur
1302 2790 1520 2856 supergressus

436 3024 453 3078 1
466 3023 537 3093 eius]
550 3037 600 3092 ego
612 3044 632 3094 μ
702 3024 766 3095 qne]
779 3039 859 3094 quem
870 3041 895 3080 ro
965 3023 1175 3094 antiquioribus]
1188 3025 1245 3078 einr
1257 3022 1382 3093 operibor
1393 3023 1458 3078 odd.
1471 3040 1489 3080 o

384 3111 502 3168 dictsT
575 3110 680 3180 speres
695 3109 1061 3179 eramusmaerore
1133 3107 1369 3163 derndimenteT
1434 3105 1524 3177 mugio

384 3195 537 3252 crediditro
629 3193 734 3262 btuno]
747 3181 970 3260 nunoT¹t,fiT²
1062 3192 1258 3248 fleriidonunm
1270 3193 1490 3248 orbiusbetnrrc

383 3286 412 3339 et
423 3297 475 3338 orn.
490 3282 531 3338 To
657 3277 732 3348 iisd]
744 3280 772 3333 et
782 3296 808 3335 eo
935 3278 1002 3350 ueri]
1016 3279 1160 3333 ueriteteru
1177 3277 1222 3347 Tr,
1234 3295 1303 3334 corr.
1316 3278 1349 3333 ios
1360 3277 1487 3332 ueritatis
1501 3277 1528 3334 Τ

383 3371 450 3424 m
552 3365 741 3435 especitetem]
753 3364 895 3434 peruenire
906 3364 1002 3420 codo
1105 3363 1210 3419 eicon.
1223 3363 1321 3419 ionici
1336 3363 1363 3418 Τ
1463 3377 1525 3417 oon·

383 3451 550 3523 cupiscentie
561 3467 586 3506 ro
668 3449 685 3503 'i
698 3449 892 3504 sanctimoniae
903 3451 996 3504 tenore
1011 3448 1098 3513 m,
1109 3448 1204 3518 nigore
1215 3451 1244 3502 et
1255 3446 1435 3502 senctimonie
1444 3463 1491 3516 erp

383 3537 509 3607 coiceret]
520 3535 656 3590 tenuisset
665 3550 711 3604 cop
819 3534 930 3589 Btente
941 3533 1132 3604 mireculsrop
1235 3533 1352 3588 9totnm
1365 3532 1491 3602 diuincp

384 3624 419 3680 10
430 3623 531 3680 ueteris
549 3623 585 3680 Τ*
652 3618 775 3692 periture
786 3619 1242 3692 P,spcruturepeedce.tm.2
1310 3620 1345 3675 11
1356 3615 1524 3690 delectione]

383 3711 529 3766 dilectione
544 3711 614 3778 Tpro
742 3707 776 3763 12
788 3707 932 3779 nouitatis]
945 3706 1065 3762 humone
1076 3723 1122 3776 cop
1249 3705 1432 3776 festinatione]
1444 3705 1526 3760 testi·

384 3795 583 3862 menrasense
704 3777 816 3849 resffi
829 3791 1070 3862 memnone
1191 3790 1416 3860 nungentum
1428 3806 1491 3859 epe

384 3864 533 3936 multoruni
544 3867 640 3950 'peoem
654 3878 687 3945 Τ,
698 3893 846 3949 ponperum
856 3894 920 3949 repo
1013 3874 1220 3931 substinendum
1231 3891 1286 3946 cop,
1298 3873 1454 3930 smtendem
1470 3875 1527 3939 Tu.

384 3963 590 4022 sustentandum
604 3965 658 4020 T'o
767 3965 801 4020 15
812 3979 895 4034 prope
906 3963 1018 4031 scripsi,
1030 3976 1078 4030 pro
1092 3961 1124 4026 Τ,
1138 3977 1187 4016 occ
1200 3976 1264 4029 sorec
1372 3959 1462 4028 pretio
1472 3975 1527 4027 up,

382 4051 487 4122 proelis
505 4049 589 4120 prode
607 4049 639 4116 Τ,
663 4049 750 4118 pretio
768 4065 793 4114 o,
812 4047 925 4120 presdie
944 4045 1032 4116 pretio
1055 4045 1153 4114 oxon,
1174 4044 1223 4100 ced
1243 4043 1279 4110 cs.
1299 4047 1372 4099 c.13
1393 4048 1420 4096 et
1442 4043 1527 4113 prr.

379 4139 527 4208 paim
627 4134 876 4206 liopertum
978 4131 1210 4188 lietiemoesro
1307 4128 1492 4200 pertulitrop'

384 4223 419 4278 18
431 4225 460 4278 et
476 4237 526 4278 om.
543 4220 644 4290 rene
801 4220 959 4289 praepetere
974 4220 1030 4284 Tu,
1048 4219 1222 4288 praepostero
1235 4215 1281 4280 P,
1297 4215 1407 4285 propter
1424 4229 1456 4270 ec
1467 4230 1493 4269 ro

383 4308 546 4379 moenibus]
560 4305 856 4377 senimuezrpacum
867 4305 1057 4361 cummim
1126 4301 1340 4372 plurimorum?
1405 4298 1527 4370 certer]

384 4394 571 4452 nemorose
