4000 5066
720 459 766 514 De
784 460 915 529 duplici
932 459 1099 528 martyrio
1117 475 1139 515 o.
1158 459 1271 515 38-40.
1499 455 1564 529 247

424 623 454 680 te
469 633 546 679 mors
562 617 645 678 orbat
659 619 853 693 praematura,
883 617 1050 691 pestilentia
1076 619 1182 695 spoliat
1209 619 1239 677 te
1261 615 1430 690 carissimis,
1458 633 1565 692 sponsa

425 721 527 781 liberis
544 719 661 780 amieis!
682 720 757 780 ferto
772 720 916 793 patienter
930 723 960 780 et
975 721 1038 780 dio:
1056 709 1191 782 ‘Domino
1207 719 1251 779 ita
1264 720 1369 792 amum,
1400 721 1431 778 st
1445 719 1488 779 elo
1502 719 1562 778 lor·

425 823 513 884 taesis
529 824 560 882 et
574 821 658 883 nobis
671 822 842 896 expediebat
862 823 892 882 et
918 822 1033 884 nostris.
1065 824 1117 883 sit
1138 839 1267 882 nomen
1289 821 1434 882 Domini
1455 822 1564 882 bene·

425 907 586 996 diotum’.
618 927 686 984 sunt
712 928 742 984 ot
766 923 858 984 morbi
883 925 934 1000 qni
955 943 1012 986 non
1033 926 1129 986 minue
1150 928 1265 985 streone
1279 924 1389 984 babent
1411 923 1563 995 eruciatus,

401 1045 511 1104 squam
525 1027 588 1088 ulla
601 1029 701 1102 potest
715 1025 822 1088 inlerre
836 1029 978 1088 tortorum
992 1028 1125 1102 saardtia,
1140 1027 1233 1089 uoluti
1248 1025 1392 1102 pleuritis,
1415 1025 1562 1096 ischiasis,

423 1133 560 1209 podagra,
575 1130 729 1205 paralysis,
745 1131 882 1200 oaloulns,
892 1147 994 1190 renum
1005 1132 1034 1190 et
1045 1131 1159 1190 uesicas
1175 1129 1360 1190 exulceratio.
1376 1129 1436 1189 tale
1452 1127 1561 1201 siquid

424 1232 572 1305 assidetis,
587 1250 624 1294 ne
639 1249 721 1293 mens
737 1234 923 1308 exasperetur
938 1233 975 1294 ad
988 1233 1211 1308 impatientiam,
1226 1250 1263 1294 ne
1277 1231 1380 1308 lingua
1391 1233 1522 1308 erumpat
1533 1233 1563 1291 in

422 1353 508 1397 uoces
530 1334 730 1410 blasphemas,
761 1335 812 1396 eod
838 1353 902 1396 oum
927 1337 1011 1396 beato
1026 1336 1121 1396 Dauid
1146 1338 1176 1396 et
1202 1335 1270 1396 Heli
1296 1336 1446 1395 saeerdote
1471 1334 1563 1394 dieat:

423 1437 600 1499 Dominus
622 1436 848 1514 est,·-,laoiat
880 1438 973 1513 qnod
995 1438 1126 1498 bonum
1147 1440 1206 1498 est
1227 1438 1265 1496 in
1288 1436 1409 1498 oeulis
1432 1437 1563 1510 ipsius.

389 1558 414 1598 ro
424 1542 467 1600 ita
481 1539 560 1598 mala
576 1555 649 1614 quae
664 1556 721 1598 non
736 1538 900 1599 inferuntur
924 1541 961 1600 ob
976 1538 1085 1598 Christi
1100 1539 1308 1614 professionem
1322 1541 1468 1599 uortsmus
1482 1538 1566 1598 nobis

424 1644 455 1702 in
470 1658 604 1701 eoronam
619 1644 649 1701 et
664 1640 779 1702 chrnto
795 1641 826 1700 in
841 1641 971 1716 gloriam.
988 1658 1022 1701 ae
1037 1640 1088 1701 liet
1102 1641 1236 1712 tortasse,
1261 1642 1296 1700 ut
1308 1639 1448 1699 Dominus
1463 1641 1565 1699 nostra

426 1743 581 1804 tolerantia
595 1742 769 1818 propitiatus
784 1745 836 1803 aut
850 1743 963 1804 aulerat
977 1742 1148 1804 alllietiones
1164 1745 1216 1802 aut
1230 1743 1362 1817 mitiget:
1381 1743 1457 1816 qnod
1472 1742 1498 1801 si
1509 1759 1565 1800 non

423 1846 467 1920 flt,
483 1849 581 1906 tarum
596 1846 652 1906 bao
668 1845 780 1906 ratione
794 1845 943 1919 faciemus,
966 1848 1000 1905 ut
1014 1848 1090 1920 qnod
1106 1847 1202 1906 animo
1221 1843 1386 1919 impatienti
1399 1843 1504 1904 disset
1517 1844 1564 1902 in·

424 1947 576 2008 tolerabile
592 1947 644 2007 fiat
660 1946 804 2021 patientie
817 1948 927 2008 mitius.
951 1945 998 2006 his
1020 1950 1107 2021 atque
1134 1946 1299 2008 huiusmodi
1314 1946 1493 2020 argumentis
1508 1963 1565 2004 non

390 2049 589 2110 redoriuemue
621 2066 674 2109 nos
699 2049 823 2110 inuieem
839 2048 984 2109 exhortari
1012 2049 1049 2108 ad
1074 2049 1277 2109 illustrandam
1291 2048 1407 2108 Domini
1431 2048 1565 2122 gloriam,

426 2153 508 2212 ouius
524 2151 645 2212 titulum
661 2154 691 2211 ot
706 2151 834 2226 insignia
849 2152 985 2225 gerimus.
1003 2153 1184 2224 praestemus
1199 2149 1244 2210 illi
1260 2149 1432 2225 martyrium
1458 2149 1489 2208 in
1513 2167 1565 2208 eno

426 2255 547 2328 quisque
562 2256 642 2314 stetu
657 2257 688 2312 et
703 2253 815 2327 ordine,
837 2249 895 2312 no'n
911 2251 1003 2313 solum
1018 2253 1049 2312 in
1065 2250 1206 2327 aduersis,
1232 2268 1333 2312 uerum
1349 2251 1437 2310 etiam
1451 2251 1482 2309 in
1496 2268 1565 2324 pro·

425 2355 528 2428 sperls.
558 2353 589 2412 in
615 2353 747 2414 aduersis
775 2370 964 2429 agnoscamus
989 2371 1114 2415 amorem
1139 2354 1233 2429 patris
1259 2353 1437 2428 flagellantis
1459 2369 1511 2413 nos
1527 2352 1566 2410 ad

424 2457 631 2519 eorreptionem
647 2461 677 2516 ot
693 2456 804 2532 gratias
819 2473 937 2532 agamm
953 2455 1068 2517 mritati
1084 2474 1142 2531 qua
1155 2455 1254 2531 diligit
1269 2473 1321 2516 nos
1337 2458 1371 2515 ut
1384 2455 1478 2529 filios,
1495 2473 1566 2531 qnos

389 2575 415 2615 ro
427 2559 561 2619 abdicare
576 2575 633 2618 uon
649 2557 715 2618 nult
730 2559 781 2618 sed
797 2559 963 2619 emendatos
978 2557 1115 2632 resipere.
1140 2559 1171 2617 in
1185 2557 1333 2634 prosperis
1348 2575 1438 2632 aeque
1453 2557 1566 2632 gratias

424 2677 545 2736 agamm
558 2659 641 2720 illiue
656 2658 792 2733 bonitati,
804 2677 861 2735 qua
876 2661 1041 2721 oonsolatnr
1052 2662 1149 2720 noent
1163 2659 1357 2721 tentationum
1372 2659 1485 2733 pondus
1496 2675 1564 2732 pos·

424 2763 514 2822 simus
529 2763 690 2822 sustinere:
707 2761 749 2820 ite
764 2761 815 2821 liet
829 2763 863 2821 nt
878 2765 941 2822 tota
955 2761 1017 2822 nita
1032 2765 1132 2822 nostra
1146 2762 1222 2821 nihil
1237 2761 1317 2822 aliud
1328 2762 1370 2821 eit
1384 2777 1469 2834 quam
1480 2759 1566 2820 testi·

424 2866 560 2938 monium,
577 2865 731 2925 declarans
747 2866 824 2939 apud
838 2866 987 2926 eredentes
1001 2867 1032 2925 et
1047 2864 1209 2925 incredulos
1224 2864 1397 2938 sapientiam
1408 2863 1566 2924 bonitatem

425 2967 650 3027 misericordiam
666 2982 700 3025 ao
715 2967 868 3026 ueritatem
882 2965 935 3027 Dei
957 2965 1049 3040 patrie
1076 2969 1107 3026 et
1133 2966 1187 3024 lilii
1208 2964 1290 3026 illius
1313 2964 1380 3025 Iesu
1395 2968 1426 3024 et
1442 2965 1565 3040 Spiritus

389 3088 414 3128 nr
425 3069 528 3128 saneti.
545 3085 638 3128 amen.

494 3282 769 3354 summm
