4014 5056
393 429 446 485 ΧΠ

389 572 424 636 in
438 571 496 638 boc
511 570 631 637 Latinii
651 573 802 655 apparatu
822 571 946 654 practer
959 570 1168 638 veronensem
1181 568 1351 636 laudantur
1364 569 1428 638 cod
1446 569 1519 638 Vat.

389 681 489 765 Noap.
504 683 715 766 discrepantes
729 682 910 766 scripturae,
925 681 978 747 hic
991 681 1060 748 illic
1070 682 1193 748 numeri
1205 682 1234 746 1.
1247 681 1281 747 2.
1292 683 1323 748 3.
1335 683 1367 748 4„
1379 682 1521 748 adiciun-

391 784 661 870 tur,uelnt‘Vcr.
678 780 849 874 Neop.1.’,
868 784 957 857 ‘Vol
980 795 1011 858 3.
1034 782 1125 871 Ver),
1144 787 1289 874 ‘Neapol
1310 780 1354 872 4',
1374 785 1461 858 ‘Van
1477 783 1521 859 2?

389 895 480 969 ‘Vct
504 893 537 966 l'
566 905 624 970 etc.
654 902 767 986 quibus
794 903 932 968 numeris
953 902 1030 985 quid
1050 902 1220 988 significari
1242 902 1377 968 uoluerit
1391 903 1521 969 dubium

389 1030 457 1078 csse
478 1030 539 1078 non
559 1015 672 1095 potest,
695 1012 815 1079 scilicet
828 1012 882 1079 ubi
898 1005 988 1077 ‘Vct
1005 1000 1038 1077 3’
1052 1011 1103 1078 nel
1118 1005 1207 1078 ‘Vol
1224 999 1257 1076 4³
1271 1012 1369 1094 ponit,
1391 1013 1455 1079 tres
1469 1013 1521 1078 uel

389 1122 539 1204 quattuor
564 1121 729 1189 Vaticanos
754 1123 837 1188 inter
860 1125 980 1206 septem
1005 1141 1082 1205 quos
1106 1120 1244 1189 habebat
1263 1121 1342 1187 bano
1355 1122 1519 1189 lectionem

390 1231 544 1312 exbibens,
571 1231 626 1300 ubi
639 1227 728 1299 ‘Vos
751 1221 784 1300 2'
805 1235 857 1298 uel
877 1220 1043 1314 ‘Naana
1065 1234 1177 1312 emtat,
1200 1233 1234 1298 in
1255 1232 1376 1300 dnobus
1397 1233 1520 1316 praeter
1556 1227 1561 1240 '

390 1341 599 1408 Veronensem
614 1342 665 1408 uel
680 1342 918 1426 Neapolitanum
932 1344 977 1409 sic
991 1343 1066 1427 legi,
1088 1342 1144 1408 ubi
1158 1334 1168 1362 ‘
1180 1339 1247 1408 Ver.
1263 1332 1302 1420 o',
1316 1344 1349 1410 et
1367 1343 1518 1410 Veronen-

389 1469 458 1517 sem
472 1453 505 1517 et
519 1451 655 1535 reliquos
668 1468 775 1518 omnes
789 1455 885 1518 tasas
898 1452 1012 1518 adesse.
1028 1452 1173 1535 inprimis
1187 1452 1288 1538 igitur
1302 1454 1440 1518 numeris
1454 1452 1521 1518 illis

393 1561 562 1628 vesanos
573 1561 766 1646 designabat,
780 1580 842 1628 non
852 1562 1059 1628 Veronensem
1069 1565 1103 1629 et
1114 1561 1368 1647 Neapolitanum,
1380 1563 1521 1629 nomina-

389 1673 451 1738 tim
471 1673 587 1755 ubique
606 1690 658 1738 eos
677 1674 827 1752 adferens,
848 1674 962 1756 quippo
982 1673 1036 1755 qni
1056 1673 1231 1756 plurimam
1251 1673 1334 1754 apud
1349 1691 1420 1738 oum
1435 1673 1521 1738 uale-

391 1781 477 1846 bant
499 1781 650 1848 similiter
670 1782 721 1848 his
742 1783 878 1849 numeris
899 1783 935 1847 in
954 1783 1053 1848 altera
1075 1783 1133 1848 illa
1154 1783 1353 1850 adnotatione
1375 1800 1394 1847 a
1416 1782 1520 1849 Macro

391 1891 524 1976 saulgata
538 1911 613 1958 usus
628 1895 694 1957 eral
709 1892 790 1975 qnod
805 1892 967 1958 confirmat
977 1892 1102 1958 Macros
1113 1893 1182 1974 ipso
1193 1891 1280 1956 llibl.
1292 1911 1387 1957 acero
1397 1912 1427 1975 p.
1442 1893 1520 1958 174:

389 2000 446 2065 abi
465 2002 596 2084 εἰφιωοη
614 2002 846 2068 emmim
859 2006 890 2066 1.
909 2002 1086 2078 inuenitur,
1105 2001 1241 2079 indicat,
1260 2001 1344 2084 quod
1362 2020 1401 2066 ca
1421 2001 1522 2066 tribas

391 2109 548 2176 codicibus
567 2112 709 2182 wastin
732 2112 846 2194 pacibus
868 2111 1046 2177 Marcellus
1066 2111 1163 2192 Papo
1178 2111 1229 2176 Π.
1250 2110 1522 2188 cdlalioaocerot,

389 2239 477 2286 ansas
490 2219 606 2286 sacca
615 2221 738 2286 witot:
751 2221 805 2287 cdi
815 2241 889 2287 acro
898 2222 1028 2304 aipaum
1038 2224 1070 2287 2.
1083 2225 1224 2298 meur,
1238 2220 1374 2286 duanam
1384 2220 1522 2286 codicum

389 2330 605 2395 mistionem
629 2331 800 2413 eipaifionl,
828 2331 910 2411 poco
935 2329 1006 2412 Epo
1032 2329 1167 2396 Ooroieec
1191 2329 1328 2396 Moeno
1351 2330 1389 2393 in
1411 2331 1522 2410 priam

390 2436 520 2505 Lotiaii
548 2441 734 2506 maduca
764 2441 799 2504 in
828 2438 1024 2504 Bibliotheca
1050 2439 1236 2506 Broaootio
1264 2444 1388 2506 cotom
1421 2459 1521 2504 mono

389 2549 529 2619 madon
553 2547 741 2615 Οοντωιωὶε
765 2552 907 2614 acutam
933 2549 1003 2631 lapi.
1033 2567 1112 2631 quae
1138 2568 1211 2614 cum
1237 2568 1298 2615 non
1323 2549 1519 2633 intellegeret

390 2657 578 2742 Krabingsr‚
604 2660 637 2724 in
662 2659 757 2742 praef.
785 2659 870 2724 xlv.
900 2658 990 2743 (odit
1015 2679 1043 2724 a.
1069 2659 1166 2740 1853)
1195 2659 1276 2725 mira
1301 2660 1340 2725 do
1364 2659 1520 2725 codicibus

391 2767 621 2835 Veronensibus
650 2771 682 2834 st
709 2769 931 2852 Neapolitanis,
966 2770 1021 2851 qui
1049 2770 1174 2852 quidem
1210 2770 1291 2835 nulli
1323 2769 1520 2847 exstiterunt,

390 2877 565 2944 hariolatus
586 2881 642 2945 eat
666 2898 745 2944 unus
765 2879 849 2944 onim
867 2882 916 2945 est
931 2879 1114 2944 Veronensis
1134 2879 1189 2943 ilio
1210 2878 1443 2945 uetustissimus
1464 2898 1520 2944 nec

390 2987 489 3054 ullius
515 2991 637 3072 practer
661 2987 756 3055 illum
781 2990 967 3057 mentionem
991 2989 1070 3057 facit
1090 2989 1236 3056 Latinius
1258 2990 1311 3056 uel
1334 2988 1415 3056 alius
1436 2992 1522 3073 quis-

390 3117 496 3180 quam.
526 3099 750 3182 Neapolitanus
784 3117 857 3165 ucro
892 3101 946 3183 qui
980 3101 1015 3164 in
1046 3100 1128 3166 libro
1158 3099 1358 3183 Gottingcnsi
1393 3102 1522 3165 uocatur

391 3226 411 3273 a
426 3207 568 3292 lligaltio
582 3215 615 3272 et
629 3207 852 3274 oxoniensibus
866 3209 1104 3275 Beneuentanus
1119 3209 1219 3288 audit,
1241 3209 1273 3274 id
1288 3208 1371 3293 quod
1385 3208 1521 3274 Krabin·

390 3301 501 3401 genum
528 3319 753 3400 scripturarum
777 3319 917 3384 omnium
943 3337 1022 3399 quac
1042 3317 1242 3401 Neapolitani
1262 3321 1295 3383 at
1314 3317 1522 3384 Beneuentani

390 3427 535 3492 feruntur
555 3445 719 3494 consensus
741 3429 866 3495 edocere
885 3429 1016 3512 poterat.
1037 3427 1105 3510 ipss
1124 3429 1226 3508 initio,
1249 3447 1321 3494 cum
1336 3427 1522 3512 Krabingcri

390 3539 515 3603 mutum
537 3539 619 3604 notis
634 3557 670 3603 or
685 3538 766 3604 libro
781 3537 979 3622 Golbngonsi
1001 3537 1176 3622 descriptis,
1199 3555 1276 3621 quas
1290 3537 1411 3604 Halmii
1429 3537 1523 3604 bene·

390 3649 548 3715 ualentiae
568 3652 709 3733 acceptas
730 3647 839 3728 resero,
862 3649 910 3713 cti
924 3648 1044 3726 liceret,
1067 3667 1104 3714 ea
1118 3648 1263 3732 opinione
1278 3648 1375 3715 falsus
1389 3648 1441 3714 hic
1454 3648 1523 3714 illic

390 3757 579 3824 Veronensis
601 3759 770 3842 scripturas
793 3758 933 3824 consulto
955 3758 1058 3836 omisi,
1082 3759 1157 3841 quia
1179 3759 1262 3825 inter
1287 3759 1364 3824 duos
1387 3759 1437 3824 uel
1459 3759 1522 3823 uec

388 4003 528 4073 psam
540 4003 625 4058 Patro
643 4003 730 4058 dotrer
742 4009 772 4058 ul
785 4019 843 4057 asro
858 4001 961 4056 (obruti
978 4001 1090 4057 cocheio
1101 4006 1127 4056 st
1139 4000 1273 4055 wtbcdro
1284 4017 1344 4056 ono
1354 4005 1524 4056 moestam

391 4091 460 4160 (sie).
482 4097 508 4144 et
523 4097 649 4159 postem
669 4096 735 4144 cont
755 4105 847 4144 omncs
866 4089 914 4143 scd
934 4103 1004 4158 pron
1021 4102 1097 4142 anea
1113 4087 1269 4142 aseddus
1285 4089 1335 4156 psai
1350 4086 1384 4140 ab
1396 4085 1525 4154 apostolis

390 4177 515 4231 nundus
535 4175 665 4231 usameima'
683 4175 857 4231 mosaicae
872 4180 1017 4244 pascatur.
1040 4174 1112 4229 bono
1134 4173 1215 4228 Petri
1234 4173 1379 4241 mucor,
1402 4187 1428 4242 p.
1447 4175 1525 4238 21119

391 4265 453 4332 post
470 4262 572 4318 medii:
591 4263 641 4330 psci
657 4261 813 4316 catedram
828 4261 908 4315 Petri
924 4276 1007 4330 saper
1022 4273 1102 4329 paena
1114 4258 1236 4326 sandolo
1247 4259 1359 4314 secludo
1371 4264 1410 4312 cst
1422 4256 1524 4312 aaut

389 4347 421 4402 ia
438 4347 550 4404 ecclesio
568 4363 597 4402 sc
613 4363 670 4403 ease
687 4346 810 4412 confidit,
831 4349 873 4400 est
891 4343 1036 4399 Vossianus
1053 4343 1102 4399 ist.
1122 4348 1136 4396 7
1155 4358 1222 4398 saec.
1241 4359 1264 4397 r.
1284 4343 1333 4411 (h),
1350 4341 1435 4411 quode
1452 4340 1524 4396 inus

391 4437 496 4500 agetur.
