4016 5054
635 427 681 481 lle
698 426 956 498 singularitate
973 423 1176 479 clericorum
1193 440 1216 478 c.
1234 423 1347 480 29-32.
1493 428 1558 496 207

418 589 524 651 onitn
538 589 666 649 nestro
681 585 846 648 fecistis.
876 586 1040 660 pudendum
1062 583 1159 646 nescio
1173 584 1244 659 quid
1259 583 1375 645 dilectio
1391 583 1450 644 ista
1464 584 1557 660 signi-

419 692 496 764 licat,
512 708 578 752 oum
592 689 758 764 extorqueri
772 691 873 750 contra
886 690 1020 748 naturam
1033 689 1160 761 putatur.

462 793 567 853 Adhuc
581 791 674 852 habeo
690 790 761 866 quid
774 790 890 850 mirari:
921 807 985 849 cnm
1011 789 1124 850 uideam
1150 789 1381 850 decanatum
1404 791 1556 865 plerosque
1567 789 1606 848 31

419 895 537 956 maritos
551 894 663 969 pariter
676 896 707 953 et
718 908 821 954 uxores
832 891 1040 952 continentiam
1050 891 1230 951 destinantes
1240 891 1386 952 domicilia
1396 891 1559 966 singularia

399 996 514 1070 imagis
528 995 648 1071 eligere,
663 998 697 1055 ut
711 1011 867 1055 cousensus
878 993 1071 1054 communium
1082 995 1212 1054 uotorum
1223 992 1286 1053 sine
1297 992 1460 1054 irritatione
1472 1011 1558 1068 prae·

418 1098 528 1158 sentim
543 1098 733 1158 concordante
748 1112 865 1156 secessu
879 1096 997 1154 ualeant
1018 1096 1163 1167 obtinere,
1179 1094 1228 1173 [etl
1244 1095 1368 1157 eunuchi
1393 1095 1486 1156 nostri
1501 1113 1558 1156 non

419 1201 525 1260 imant
540 1200 601 1260 sine
616 1199 742 1260 sominae
757 1198 910 1258 sodalitate
926 1198 1070 1259 dormiret
1101 1200 1178 1272 apud
1203 1198 1270 1258 illos
1295 1215 1375 1258 amor
1396 1199 1558 1274 coniugalis

419 1301 612 1362 continentiae
627 1316 724 1361 amore
739 1303 888 1372 pensatur,
919 1302 949 1359 ot
975 1301 1052 1373 apud
1073 1301 1215 1373 spadones
1230 1299 1405 1360 cohabitatio
1433 1300 1557 1361 feminae

418 1420 574 1478 numquam
588 1405 686 1477 potest
700 1401 808 1462 habere
823 1401 982 1462 dastidium.
1010 1401 1090 1461 dicat
1115 1419 1191 1462 nunc
1217 1402 1412 1463 eunuchorum
1434 1403 1557 1477 caritas,

386 1505 513 1576 indicat,
543 1521 579 1564 no
593 1504 668 1564 iorte
683 1503 715 1563 iu
729 1504 784 1564 hac
804 1502 965 1562 secessione
980 1502 1074 1576 magis
1089 1503 1249 1576 coniugalis
1271 1505 1378 1563 caritas
1392 1507 1502 1580 peccet,
1526 1506 1560 1562 ut

419 1606 542 1680 apostoli
568 1605 654 1664 Pauli
680 1605 829 1664 consilinm
856 1605 990 1663 uideatur
1019 1603 1189 1678 coniugibus
1210 1603 1372 1664 insinuasse
1384 1604 1558 1664 diuortium:

419 1713 582 1782 tempus,
604 1707 710 1782 inquit,
744 1706 836 1780 qnod
858 1707 981 1765 restat
1001 1706 1112 1764 breue
1133 1709 1199 1765 est.
1231 1706 1418 1780 reliquum
1440 1708 1496 1766 est
1518 1710 1559 1765 ut

420 1815 458 1872 st
490 1811 552 1886 qni
584 1810 725 1870 habent
756 1825 891 1868 uxores
927 1808 980 1866 sic
1013 1806 1089 1866 sint
1127 1808 1234 1881 quasi
1266 1825 1335 1866 non
1366 1807 1558 1868 habentes.

420 1916 529 1988 quanta
553 1911 730 1986 peruersitas
756 1910 920 1970 dilectionis
944 1908 1122 1982 intenditur,
1145 1911 1178 1968 ut
1203 1909 1253 1982 qui
1280 1909 1388 1970 habent
1403 1910 1486 1983 quusi
1501 1927 1559 1970 non

385 2041 409 2078 ιι
420 2014 559 2074 hebentes
574 2030 638 2073 esse
654 2012 786 2072 nitantur
800 2015 831 2071 et
844 2012 895 2086 qui
911 2028 967 2070 non
982 2011 1091 2070 habent
1105 2010 1188 2084 quasi
1202 2010 1342 2070 habentos
1357 2028 1421 2071 osse
1432 2011 1559 2086 glorien-

419 2121 476 2176 tur.
491 2118 526 2175 de
540 2114 589 2174 his
604 2114 666 2188 ipse
681 2114 830 2188 apostolus
845 2115 902 2172 ait:
924 2112 1044 2185 gloria
1066 2111 1103 2170 in
1124 2112 1360 2185 turpitudine
1386 2112 1558 2187 ipsorum.

464 2216 586 2278 Dilectio
602 2219 662 2288 est,
678 2216 823 2290 inquiunt.
853 2231 869 2274 c
885 2213 1002 2273 dileetio
1024 2231 1096 2287 quae
1123 2213 1234 2273 inuidet
1248 2214 1313 2272 sibi.
1331 2231 1347 2274 o
1362 2215 1469 2274 caritas
1485 2232 1558 2289 quae
1570 2221 1611 2280 32

420 2320 501 2394 cupit
515 2337 546 2379 so
561 2317 774 2392 uituperatione
790 2314 913 2376 laudari.
935 2317 1044 2389 grande
1056 2315 1236 2388 miraculum,
1251 2317 1285 2374 nt
1295 2315 1441 2392 uirginum
1453 2317 1561 2378 caritas

423 2421 551 2496 uirgines
578 2419 670 2480 iaciat
695 2419 777 2479 uelut
803 2418 938 2492 coniuges
965 2417 1043 2477 medi
1068 2419 1099 2476 et
1124 2417 1276 2491 coniugum
1300 2418 1406 2479 caritas
1422 2419 1560 2494 coningos

387 2545 413 2586 eo
423 2522 511 2582 iaciat
524 2523 608 2582 uelut
622 2522 749 2596 uirgines
763 2519 923 2580 aestimari.
939 2536 1004 2580 ecco
1015 2537 1084 2580 uera
1095 2519 1212 2579 dilectio
1225 2537 1297 2593 quae
1310 2520 1339 2579 in
1352 2521 1560 2596 coniugalitate

421 2623 543 2696 diuidit,
559 2622 638 2682 utin
653 2621 787 2682 castitate
805 2622 972 2696 coniungat.
1002 2639 1067 2682 ecce
1084 2623 1185 2681 sancta
1199 2621 1315 2682 dilectio
1331 2639 1405 2696 quae
1421 2624 1561 2699 coniuga-

421 2727 500 2785 libns
515 2726 552 2784 ad
568 2740 745 2782 communem
759 2724 874 2783 laudem
890 2723 1002 2783 inducit
1016 2723 1186 2782 absentiam.
1217 2723 1249 2781 hi
1271 2738 1322 2795 pro
1338 2727 1416 2783 corto
1432 2741 1495 2784 sose
1511 2725 1558 2783 in-

422 2824 625 2900 separabiliter
639 2824 785 2898 dilignnt‚
801 2823 851 2898 qui
866 2827 900 2884 ot
915 2825 1078 2897 triumphos
1093 2824 1149 2884 sibi
1164 2823 1292 2884 inferant
1312 2842 1376 2885 ase
1392 2825 1447 2900 ipsi
1463 2826 1561 2888 disoe-

422 2929 510 2986 dunt:
526 2926 631 3001 qrribus
644 2943 696 2985 nec
710 2926 818 2985 crimen
833 2930 1006 2985 nosnatura
1021 2943 1072 2984 nec
1087 2927 1135 2985 lex
1149 2943 1202 2985 uec
1217 2926 1357 2986 Dominus
1372 2945 1424 2988 neo
1439 2931 1559 3002 aposto-

386 3050 412 3090 as
421 3030 468 3089 lus
482 3031 656 3102 potestatem
672 3028 758 3088 unios
773 3028 1002 3088 conuersationis
1017 3028 1167 3087 interdixit
1181 3032 1233 3088 aut
1247 3029 1330 3106 tulit,
1343 3031 1395 3089 sod
1406 3047 1458 3104 pro
1475 3033 1560 3090 tuen-

423 3132 468 3190 dis
497 3133 616 3204 paribna
637 3131 714 3191 uotis
744 3133 855 3190 semota
880 3131 1070 3189 unanimitate
1096 3131 1243 3189 absentari
1270 3131 1377 3190 caritas
1403 3133 1558 3204 persuasit.
1598 3157 1603 3167 ·

422 3233 468 3292 illi
484 3249 552 3292 uero
568 3232 687 3292 uideant
702 3232 784 3293 cuius
798 3233 839 3291 sit
853 3233 960 3293 caritas
976 3250 1061 3307 quarn
1076 3235 1228 3302 uouoruut,
1244 3233 1293 3306 qui
1312 3249 1366 3293 uec
1380 3233 1494 3293 crimini
1509 3250 1562 3293 noo

421 3337 543 3395 naturae
558 3352 611 3395 neo
626 3335 686 3409 legi
709 3351 762 3394 nec
777 3334 898 3395 Domino
914 3352 966 3394 nec
981 3335 1110 3408 apostolo
1137 3351 1189 3394 uec
1205 3333 1261 3408 ipsi
1276 3334 1477 3408 coniugalitcti
1493 3352 1559 3394 suo·

492 3551 526 3603 12
545 3549 637 3604 1001.
657 3549 681 3613 7,
699 3549 742 3602 29.
848 3550 882 3605 16
900 3548 973 3604 Phil.
991 3548 1017 3612 3,
1038 3551 1077 3604 19.

491 3787 510 3844 2
528 3802 589 3841 oum
606 3788 714 3857 scripsi,
732 3789 775 3843 oni
793 3789 824 3852 0,
842 3803 911 3858 quae
928 3807 945 3844 c
1016 3791 1127 3858 putatur
1142 3789 1166 3845 0
1174 3806 1195 3844 s.
1208 3791 1225 3844 l
1238 3793 1308 3845 aaz
1377 3789 1395 3845 3
1412 3788 1482 3859 quod
1499 3789 1522 3846 0

422 3873 501 3928 uideo
519 3873 554 3929 0¹
658 3875 675 3929 5
693 3890 856 3930 consonano
965 3875 1134 3942 praesentiae
1151 3877 1212 3930 eto
1310 3877 1325 3930 7
1343 3876 1485 3931 soliditate
1505 3875 1528 3930 0

421 3961 439 4016 9
456 3975 527 4012 nunc
543 3975 596 4014 cen.
614 3977 632 4014 e
757 3959 792 4014 10
807 3962 901 4029 peccet
922 3959 1109 4015 certares.
1233 3962 1265 4014 11
1283 3961 1472 4032 coniugalibns
1491 3961 1527 4016 0¹

423 4043 457 4098 13
474 4044 532 4098 sint
548 4060 601 4098 oca
619 4061 637 4100 o
742 4046 776 4099 14
793 4049 896 4113 quanta
907 4085 913 4098 .
924 4084 930 4095 .
942 4085 948 4097 .
959 4060 1012 4099 non
1031 4044 1161 4100 habentes
1180 4061 1230 4100 om.
1248 4063 1265 4102 e
1374 4073 1432 4100 m
1445 4047 1565 4117 quasit)

422 4130 446 4184 si
463 4145 485 4184 a.
502 4129 521 4182 l.
630 4129 666 4183 18
683 4143 711 4182 se
729 4145 765 4183 ea
781 4132 810 4184 te
827 4130 852 4186 0
965 4131 994 4183 in
1013 4130 1213 4200 uituperatione
1230 4151 1246 4184 o
1351 4133 1384 4188 19
1401 4133 1470 4187 l'aoit
1491 4133 1527 4190 0¹

421 4213 456 4268 23
473 4214 539 4283 ipsis
558 4231 574 4270 o
676 4213 712 4268 15
730 4215 941 4270 conuersationis
959 4232 1010 4271 ona
1029 4233 1046 4270 o
1138 4217 1172 4271 27
1192 4216 1303 4271 uideant
1323 4218 1354 4282 0,
1371 4217 1492 4272 uiderint
1509 4234 1525 4272 e

421 4299 498 4353 cuins
516 4298 547 4363 0,
565 4298 666 4367 quido
769 4304 904 4355 nonerunt
922 4301 947 4358 0
1049 4303 1159 4356 crirnirm
1181 4303 1216 4358 0¹
