4016 5054
622 480 668 532 De
686 478 863 533 duodecim
881 479 1039 533 abueiuis
1056 480 1187 534 saeeuli
1211 496 1234 534 o.
1252 480 1329 534 1-8.
1484 487 1544 551 165

406 636 509 698 beati
542 653 722 712 pauperes
745 636 902 712 spiritu,
932 637 1102 712 quoniam
1124 638 1283 712 ipsorum
1306 640 1363 698 est
1393 655 1546 714 regnum

406 738 486 799 oael
495 756 603 800 orum.
625 743 706 800 reota
720 756 843 814 namque
857 738 1072 815 dispensatione
1087 741 1249 802 misericors
1264 741 1336 802 oaeli
1348 757 1470 816 regnum
1483 741 1545 802 illis

407 841 562 901 oomrnittit
576 841 679 917 quihus
691 842 776 916 regni
789 846 932 902 terrarum
948 842 1200 916 participationem
1214 836 1301 926 [inter
1315 844 1460 919 mortales]
1476 845 1543 903 abs·

408 943 494 1016 tulit,
517 947 551 1002 nt
575 945 637 1018 ipse
663 944 745 1005 diues
759 945 789 1003 in
804 944 877 1004 caeli
891 945 959 1004 sede
974 947 1114 1018 appareat
1140 945 1233 1019 quiin
1248 948 1326 1005 terra
1339 945 1455 1020 penitus
1470 943 1545 1005 nihil

386 1049 554 1120 sprooorat.
583 1050 740 1108 cauendum
760 1064 829 1108 uero
851 1047 1026 1122 pauperihus
1048 1050 1109 1120 est,
1131 1065 1167 1109 ne
1189 1050 1256 1108 dum
1276 1065 1327 1124 per
1341 1048 1543 1110 necessitatem

409 1151 504 1208 terrae
529 1165 651 1222 regnum
674 1149 815 1224 perdunt,
845 1166 896 1224 per
922 1150 1028 1208 mentis
1052 1149 1277 1224 imprudentiam
1297 1150 1385 1209 etiam
1400 1151 1544 1210 caelorum

411 1266 501 1324 regna
514 1250 660 1311 amittant.
676 1269 739 1312 oum
754 1251 830 1313 enim
845 1251 900 1310 Dei
914 1251 1128 1326 dispensatione
1143 1253 1341 1326 paupertatem
1355 1251 1547 1312 neeessariam

408 1353 587 1426 aooeperint‚
615 1352 646 1412 in
662 1353 790 1428 ipsorum
815 1352 937 1412 arbitrio
953 1354 1060 1426 pendet
1080 1357 1177 1413 utrum
1197 1369 1337 1428 pauperae
1352 1353 1458 1427 spiritu
1473 1354 1543 1414 sint.

409 1455 557 1514 nonenim
573 1455 799 1530 quibuscumque
814 1456 989 1530 pauperibus
1005 1455 1078 1514 caeli
1092 1473 1184 1530 regna
1196 1457 1418 1532 promittuntur,
1434 1457 1485 1514 ssd
1501 1455 1549 1515 his

374 1558 606 1616 rotantummodo
621 1557 725 1629 quihus
740 1556 1040 1630 diuitiarumiuopiam
1054 1557 1212 1617 animorum
1223 1557 1371 1617 humilitas
1382 1557 1547 1616 eomitatur.

408 1675 518 1732 pauper
533 1657 609 1718 enim
624 1657 744 1718 humilis
763 1675 871 1732 pauper
885 1658 992 1731 spiritu
1005 1658 1185 1733 appellatur,
1206 1661 1256 1733 qui
1277 1675 1341 1718 oum
1355 1675 1463 1733 egenus
1475 1658 1546 1740 ioris

409 1759 546 1832 oernitur,
561 1777 716 1834 numquam
730 1761 760 1818 in
774 1759 939 1834 superbiam
955 1761 1103 1820 elenetur:
1120 1761 1253 1834 quioniam
1268 1761 1304 1820 ed
1319 1761 1443 1835 petenda
1457 1775 1548 1834 regna

408 1859 553 1921 saelorum
566 1862 633 1936 plus
654 1861 734 1920 umet
748 1863 854 1921 mentis
870 1863 1021 1921 humilitas
1047 1879 1132 1935 quarn
1158 1861 1351 1936 praesentium
1377 1861 1546 1921 diuitiarum

410 1963 578 2036 temporalis
594 1966 759 2042 paupertas.
783 1964 890 2024 etenim
905 1963 1029 2024 humiles
1045 1964 1095 2038 qui
1109 1963 1181 2026 bene
1197 1962 1315 2022 diuitias
1329 1980 1478 2038 possessas
1492 1965 1548 2023 ha·

375 2084 400 2122 ιι
410 2065 481 2124 bont
500 2069 622 2140 possunt
643 2055 784 2140 pauperes
804 2066 910 2138 spiritu
925 2065 1083 2138 appellari,
1105 2068 1135 2125 et
1155 2067 1292 2139 superbos
1315 2065 1389 2125 nihil
1410 2065 1551 2124 habentes

410 2165 487 2226 hand
503 2166 621 2226 dubium
636 2169 683 2227 est
702 2166 883 2226 heatitudine
898 2166 1081 2241 paupertatis
1096 2165 1218 2242 pi'iuari.
1248 2169 1282 2226 de
1297 2165 1401 2242 quihus
1416 2167 1548 2242 utrisque

411 2270 512 2328 sanote
526 2270 669 2344 seriptum
688 2270 731 2329 ita
752 2269 893 2342 loquitur:
924 2271 982 2328 eet
1003 2269 1110 2343 qnasi
1132 2268 1249 2340 diues,
1272 2286 1348 2330 oum
1368 2267 1465 2327 nihil
1487 2269 1549 2328 ha-

410 2369 498 2428 beat
519 2373 555 2429 et
576 2373 634 2428 est
666 2370 772 2444 quasi
805 2387 963 2445 pauper,
998 2387 1072 2430 oum
1095 2370 1131 2428 in
1159 2369 1288 2430 inultis
1311 2370 1466 2430 diuitiis
1487 2369 1549 2430 sit.

412 2470 495 2545 quasi
525 2471 607 2530 diues
636 2475 682 2530 est
711 2488 820 2545 pauper
849 2473 991 2546 superbus
1020 2472 1128 2531 mentis
1161 2473 1265 2531 atieotu
1284 2476 1315 2530 et
1344 2473 1426 2545 quiesi
1440 2489 1551 2547 pauper

376 2593 403 2633 ao
413 2574 458 2631 ost
473 2572 555 2632 diues
576 2573 682 2632 mentis
697 2573 874 2633 humilitate.
905 2573 988 2632 diues
1008 2589 1078 2646 ergo
1093 2570 1191 2646 inopia
1205 2575 1250 2632 est
1272 2572 1377 2632 montis
1400 2573 1552 2634 humilitas

411 2675 442 2733 et
452 2674 566 2746 ineptae
577 2674 695 2734 diuitiae
704 2677 774 2734 snut
784 2674 945 2734 animorum
954 2674 1116 2734 inormites.
1129 2674 1333 2747 prouidendum
1341 2689 1409 2747 ergo
1421 2676 1466 2733 est
1477 2691 1550 2750 pau·

480 2940 496 2992 1
514 2938 615 2993 mitt.
633 2941 659 3004 5,
677 2939 703 2994 3.
810 2942 842 2995 17
861 2939 942 2998 Pron.
962 2941 1004 3007 13,
1023 2942 1048 2994 ’1.

482 3174 666 3230 imismioore
683 3176 797 3232 iudexo
896 3176 942 3231 illi
959 3176 1002 3229 X’
1101 3177 1119 3229 3
1136 3179 1271 3230 terrarum
1289 3191 1340 3230 ona
1359 3175 1390 3230 X
1479 3175 1552 3231 inter

412 3260 540 3313 mortales
558 3276 608 3315 om.
632 3261 691 3324 GV,
712 3261 742 3314 in
761 3263 882 3316 mortuos
900 3261 937 3325 X,
956 3263 984 3315 in
1002 3264 1108 3315 mortuo
1130 3261 1157 3314 G·
1172 3277 1206 3316 ιιι.
1224 3263 1246 3315 2
1262 3259 1327 3315 odd
1344 3261 1376 3313 ia
1393 3276 1481 3330 moro.

413 3342 518 3398 ioaeli
535 3344 605 3414 sede]
625 3345 707 3400 oeulis
729 3345 756 3402 V
856 3347 965 3416 onero]
985 3361 1049 3415 ergo
1071 3347 1113 3402 Va
1208 3349 1259 3400 'est
1274 3345 1438 3417 pauperibus
1460 3345 1487 3400 V

415 3431 563 3498 egestatem
581 3433 609 3485 et
626 3433 852 3487 necessitatemo
961 3432 979 3486 6
996 3435 1135 3486 terrenum
1153 3449 1170 3486 o
1273 3431 1397 3502 perdunt]
1415 3434 1552 3500 praetore·

415 3515 466 3567 unt
482 3514 529 3570 Xu
610 3518 693 3570 etiam
712 3515 909 3586 impudentiam
926 3533 944 3572 o
1030 3517 1179 3585 lrsgnurn
1196 3517 1227 3570 X
1311 3518 1480 3571 ammittant*
1492 3516 1519 3571 0

414 3602 432 3656 8
449 3600 544 3671 pendit
566 3599 604 3656 θ’
696 3603 714 3655 9
731 3602 943 3671 quibuscumque
960 3617 1076 3670 namque
1093 3617 1118 3665 o,
1137 3600 1349 3671 quibuscumque
1366 3599 1397 3655 X
1493 3615 1552 3656 oao-

415 3689 503 3742 lorum
520 3687 552 3742 X
677 3689 712 3742 10
727 3688 757 3742 iu
775 3687 908 3756 quibust
1034 3687 1142 3756 inopia·
1159 3687 1190 3741 X
1313 3689 1345 3740 11
1364 3687 1457 3755 egenis
1474 3687 1518 3741 X¹

415 3773 489 3828 iorae
509 3773 537 3828 V
637 3773 672 3828 12
688 3772 816 3843 superbia
832 3773 865 3828 X
972 3773 1009 3828 ad
1026 3772 1177 3842 appetenda
1194 3789 1219 3838 o,
1237 3771 1272 3826 sd
1288 3771 1471 3841 oonsequonds
1488 3771 1519 3826 X

417 3859 450 3914 13
468 3861 497 3915 et
514 3860 615 3914 mentis
636 3858 664 3914 V
764 3860 979 3928 praesentiarum
1000 3858 1029 3913 V
1133 3859 1167 3913 15
1184 3861 1212 3912 et
1230 3858 1337 3928 superbi
1360 3857 1405 3922 θ’,
1423 3857 1552 3926 superbos

415 3946 541 4000 auterno
644 3945 765 3999 161111
787 3944 833 4009 θ’,
851 3959 907 3999 non
924 3945 956 3998 X
1060 3946 1094 4000 1‘1
1112 3960 1173 3999 oum
1190 3961 1217 3998 n.
1235 3943 1274 4012 h]
1292 3943 1364 3998 nihil
1380 3942 1518 3997 habenso

418 4029 452 4083 18
469 4029 861 4098 qussi...t.aohumi1itate
879 4045 930 4084 ona
944 4031 982 4094 Χ.
1000 4031 1078 4099 qnasi
1097 4045 1197 4099 pauper
1215 4045 1278 4098 argo
1296 4029 1325 4082 in
1335 4028 1432 4083 multis
1444 4026 1553 4082 diuitiis

416 4117 459 4168 est
476 4113 551 4169 diues
568 4113 682 4169 humilis
699 4115 812 4184 spiritu;
828 4117 859 4169 et
875 4114 948 4170 nihil
965 4115 1068 4170 hahens
1081 4115 1158 4183 quasi
1170 4113 1247 4169 diues
1258 4115 1300 4168 est
1310 4129 1410 4182 pauper
1421 4113 1553 4182 superbus

416 4201 517 4254 mentis
535 4200 667 4255 aiieotuo
772 4201 806 4255 19
823 4200 921 4254 eiieotu
937 4200 964 4256 V
1065 4203 1095 4254 et
1112 4200 1190 4269 quasi
1208 4215 1235 4270 p.
1252 4215 1275 4256 e
1294 4198 1320 4253 d.
1341 4214 1376 4251 m.
1394 4197 1555 4252 humilitate

416 4300 468 4341 ona.
486 4285 534 4340 Xe
642 4285 678 4340 20
694 4285 772 4340 diues
794 4284 828 4350 θ,
846 4285 943 4340 diuitis
965 4285 996 4353 V,
1014 4285 1115 4340 nobilis
1132 4285 1179 4342 Xo
1285 4285 1320 4339 21
1339 4283 1520 4339 enormitaso

416 4373 458 4426 est
475 4386 538 4442 ergo
556 4371 719 4441 pauperihus
735 4387 768 4441 o,·
785 4386 848 4442 ergo
868 4388 919 4428 om.
941 4371 967 4428 V
1007 4397 1009 4401 v
