4012 5056
428 399 474 450 cx
829 381 977 440 Caooilii
994 381 1158 453 Cypriani

425 537 522 602 nimia
543 539 653 620 peetus
677 539 807 605 effeetus
830 531 970 620 duplioes'
992 535 1130 603 onerant.
1155 535 1265 601 dolebo
1286 535 1369 621 quod
1383 554 1445 601 non
1460 551 1562 600 eomes

426 639 563 706 luerim?
583 640 639 708 sod
657 641 746 707 illius
766 640 901 708 uictoria
921 639 1144 723 triumphanda
1158 639 1215 704 est.
1242 638 1281 704 de
1295 638 1430 704 uiatoria
1444 637 1561 702 trium·

425 743 550 825 phebo?
573 743 628 808 sod
650 744 739 810 doleo
762 743 845 826 quod
867 759 969 809 comes
990 758 1052 807 non
1068 741 1139 807 sina
1167 759 1277 806 uerum
1303 740 1392 806 uobis
1406 741 1513 806 tamon
1528 741 1561 804 et

425 844 613 925 simplieiter
634 843 846 911 eonfitendnm
861 843 918 924 est,
940 843 1023 927 qnod
1036 843 1070 908 ot
1083 860 1139 910 nou
1154 843 1254 922 soitis,
1275 842 1309 908 in
1323 842 1383 908 luno
1396 859 1448 907 me
1463 840 1561 907 fnisse

424 946 587 1012 sententia.
608 947 749 1014 multum
763 965 800 1012 aa
814 947 911 1012 nimis
931 946 1070 1012 multum
1085 945 1123 1011 de
1137 945 1240 1032 gloria
1260 945 1327 1011 eius
1349 945 1466 1023 exulto,
1486 944 1593 1028 plusu.

423 1051 529 1115 tumen
546 1047 635 1115 doleo
650 1050 733 1131 quod
748 1049 894 1116 remansi.

543 1333 742 1446 ACTA
776 1333 1444 1468 PROCONSVLARIA.

395 1569 409 1632 l
464 1571 658 1655 Imperatore
677 1571 840 1641 Valeriano
860 1574 1008 1657 quartum
1023 1573 1055 1639 et
1070 1572 1215 1640 Gallieno
1230 1573 1363 1640 tertium
1379 1573 1558 1640 oonsulibus

421 1674 514 1739 tertio
537 1673 742 1739 kalendarum
757 1674 989 1758 Septembrium
1005 1673 1192 1758 Carthagine
1212 1674 1245 1738 in
1266 1673 1433 1740 secretario
1448 1673 1559 1739 Pater·

421 1792 479 1838 nus
494 1775 659 1858 prooonaul
674 1774 828 1859 Cpprisno
849 1777 990 1859 episeopo
1011 1777 1106 1841 dixit:
1128 1775 1334 1843 adamussim
1354 1776 1558 1858 imperatores
1568 1793 1594 1833 ιο

420 1877 607 1944 Valerianus
621 1879 654 1945 et
669 1877 832 1946 Gallienus
846 1879 970 1946 litteras
984 1880 1025 1946 ad
1038 1898 1090 1946 me
1105 1879 1178 1945 dare
1192 1879 1319 1965 dignati
1333 1881 1418 1958 sunt,
1442 1879 1558 1961 quibus

419 1982 642 2064 praeceperunt
663 1999 714 2047 eos
737 1983 792 2065 qui
813 1983 987 2048 Romanum
1008 1983 1193 2068 religionem
1214 1999 1277 2047 non
1300 1981 1418 2060 uolunt,
1445 1979 1558 2046 debere

418 2084 575 2149 Romnum
600 2084 808 2150 coeremonias
835 2102 1060 2168 reoognosoere.
1086 2083 1241 2166 exquisiui
1267 2100 1341 2168 ergo
1368 2082 1558 2148 denomino

419 2185 483 2267 tuo,
500 2183 575 2266 quid
591 2185 671 2249 mihi
686 2185 874 2267 respondes?
889 2184 1060 2270 Cyprianus
1074 2186 1236 2268 episeopus
1250 2185 1348 2249 dixit:
1365 2183 1557 2249 Christia-

418 2303 490 2350 nus
517 2302 600 2350 sum
623 2287 661 2351 ei
683 2287 901 2370 episcopus.
931 2287 1061 2352 nullos
1089 2287 1193 2351 alios
1220 2287 1311 2352 deos
1339 2286 1448 2363 noui,
1476 2285 1591 2351 niatu

419 2405 537 2451 unum
563 2389 601 2452 et
623 2406 756 2453 uerum
779 2388 915 2468 Deum,
944 2387 1010 2470 qui
1036 2387 1136 2454 iecit
1163 2388 1315 2453 eaelum
1337 2388 1375 2452 et
1394 2388 1556 2471 terram,

418 2506 523 2552 mare
544 2487 584 2554 et
605 2507 702 2572 qnae
725 2491 818 2555 sunt
839 2490 879 2555 in
900 2490 956 2556 eis
978 2490 1115 2556 omnia.
1145 2489 1236 2555 huia
1256 2489 1334 2554 Deo
1356 2505 1424 2554 nos
1446 2486 1557 2554 Chri-

418 2589 542 2655 stiani
557 2589 819 2656 deseruimus:
841 2593 940 2675 huno
955 2591 1207 2674 deprecamur
1221 2591 1362 2657 diebus
1376 2608 1417 2656 ao
1431 2591 1557 2656 noeti-

417 2690 487 2756 bus
514 2699 581 2774 pro
609 2691 724 2757 nobis
746 2694 784 2758 et
804 2710 871 2775 pro
900 2694 1079 2759 omnibus
1100 2692 1328 2758 hominibus
1351 2694 1389 2758 et
1410 2709 1477 2774 pro
1500 2693 1556 2757 in-

418 2793 654 2860 columitate
683 2793 856 2876 ipsorum
885 2796 1175 2877 imperatorum.
1205 2793 1361 2876 Paternus
1388 2795 1591 2877 proconsulu

417 2895 514 2959 dixit:
541 2896 573 2960 in
596 2896 655 2960 heo
677 2914 750 2979 ergo
776 2896 940 2962 uoluntate
965 2900 1164 2978 perseueras?
1192 2893 1364 2979 Cyprianus
1391 2896 1553 2978 episeopus

416 2997 592 3080 rospondit:
615 2998 713 3064 bona
728 2998 931 3076 uoluntas,
955 2997 1184 3080 quueDoum
1198 2998 1328 3078 nouit,
1349 2998 1552 3064 immutari

416 3117 490 3162 non
511 3100 654 3180 potest.
678 3099 834 3164 Paternus
854 3099 1018 3182 prooonsnl
1040 3099 1135 3164 dixit:
1158 3099 1276 3181 poteris
1292 3116 1365 3184 ergo
1381 3101 1553 3164 seeundum

415 3201 616 3283 praeceptum
631 3199 792 3266 Valeriani
817 3204 849 3267 et
865 3199 1001 3266 Gallieni
1022 3201 1109 3266 exsul
1131 3201 1171 3266 ad
1195 3201 1305 3266 urbem
1326 3199 1552 3266 curubitanam

416 3301 594 3384 proficisci?
621 3302 794 3386 Cyprianus
816 3302 977 3386 episeopus
1000 3302 1093 3369 dixit:
1115 3301 1365 3386 proiioisoor.
1392 3301 1583 3368 Paternma

290 3455 292 3460 .
414 3403 578 3486 proconsul
593 3404 688 3470 dixit:
704 3422 766 3471 non
781 3405 883 3471 solum
899 3406 937 3471 do
952 3406 1114 3490 episeopis,
1129 3425 1240 3470 uerum
1256 3405 1353 3471 etiam
1369 3405 1408 3470 de
1422 3404 1551 3489 presby-

413 3503 491 3570 teris
512 3505 592 3571 mihi
613 3507 749 3574 seribere
769 3507 893 3592 dignati
914 3510 997 3573 sunt.
1022 3509 1093 3572 uolo
1115 3525 1188 3592 ergo
1204 3507 1282 3573 seire
1298 3525 1336 3572 ex
1350 3508 1392 3586 te,
1416 3507 1470 3590 qni
1486 3507 1551 3572 sini

412 3607 585 3690 presbyteri
607 3608 662 3691 qui
685 3609 719 3675 in
740 3609 799 3676 huo
822 3609 953 3675 ciuitate
978 3609 1161 3676 consistunt.
1190 3606 1363 3694 Cyprianus
1389 3609 1550 3692 episeopus

413 3711 585 3792 rospondit:
623 3711 781 3796 legibus
813 3712 962 3778 uestris
994 3713 1088 3778 bone
1121 3713 1237 3794 atque
1269 3712 1433 3778 utiliter
1466 3730 1551 3778 oen·

464 3946 598 4020 idolebo]
609 3948 708 4004 dooebo
720 3965 746 4003 uo
849 3948 867 4003 5
878 3947 911 4003 de
922 3965 948 4004 w
958 3964 980 4006 o.
992 3947 1011 4003 l.
1023 3964 1058 4004 m.
1069 3952 1095 4004 2.
1109 3979 1142 3990 -·

463 4033 566 4104 Ineipit
585 4033 674 4104 passio
695 4033 813 4090 eiusdem
831 4033 962 4103 (eiusdem
978 4033 1070 4104 passio
1088 4035 1129 4102 Ε)
1146 4035 1277 4105 Cypriani
1294 4050 1326 4088 ex
1342 4034 1387 4090 die
1405 4051 1458 4105 qua
1476 4051 1547 4090 mar·

409 4117 513 4188 tyrium
525 4118 675 4189 Cyprianus
692 4119 774 4174 tulit:
795 4119 859 4174 ordo
876 4121 967 4174 antoni
985 4118 1110 4188 martyrii
1127 4121 1288 4188 (martyrum
1300 4120 1348 4191 Μ)
1363 4119 1415 4175 huo
1433 4121 1547 4176 lectione

409 4201 610 4259 demonstratur
639 4206 668 4260 et
697 4201 864 4260 declaratur:
893 4203 962 4260 Cum
989 4201 1139 4276 Cyprianus
1168 4207 1278 4261 sanetus
1309 4207 1414 4278 martyr
1443 4207 1545 4264 elautus

409 4289 493 4344 aDeo
506 4288 663 4346 deoiuitata
675 4290 904 4361 Curubitana(of.
917 4292 982 4359 ott)
995 4297 1043 4348 eto.
1056 4291 1174 4348 ΕΜ.-
