4016 5054
442 375 506 437 202
919 369 1101 440 Appendir.

442 527 558 588 misit.
575 527 618 588 sic
628 528 772 600 apostolos
787 527 942 588 comitatus
953 529 1106 588 mulierum
1121 529 1279 589 deducebat
1292 544 1350 589 uon
1364 529 1398 586 ut
1412 529 1574 602 perderent,

442 630 493 689 sod
503 633 538 690 nt
549 629 900 705 discerentreucrentiern,
913 633 943 692 et
952 633 1070 706 propter
1080 629 1268 692 humanitatis
1283 631 1473 692 exhibendum
1487 630 1574 692 mini·

443 733 563 794 sterium
579 735 781 808 sequebantur,
797 735 873 796 sicut
887 735 918 794 iu
933 735 1082 810 euangelio
1097 734 1133 793 de
1147 733 1267 794 Domino
1283 736 1313 794 et
1327 733 1363 793 de
1377 733 1450 809 ipsis
1464 733 1575 810 pariter

442 839 631 896 memoretur:
658 840 694 896 ct
719 837 857 898 factum
879 839 952 908 eet,
986 837 1097 910 inquit,
1119 837 1313 911 posthaec
1341 840 1376 897 et
1398 837 1478 911 ipss
1500 837 1575 897 iter

442 936 685 1012 faciebatper
701 938 932 998 ciuitateset
953 937 1399 1012 castellaeuengeliaens
1422 955 1596 1012 regnums

442 1038 519 1112 Dei,
541 1040 871 1102 etduodecimcum
887 1040 958 1100 illo
973 1043 1011 1100 ot
1032 1039 1209 1100 mulieres
1231 1057 1321 1115 quae
1342 1043 1449 1100 erent
1470 1058 1573 1102 cura-

442 1145 501 1202 tae
523 1145 566 1202 ab
591 1143 796 1218 spiritibus
829 1143 1029 1202 immundis
1050 1144 1086 1202 et
1112 1141 1417 1216 infirmitatibus,
1458 1143 1575 1202 lfuria

443 1261 534 1319 quae
572 1247 724 1306 uocetur
759 1245 989 1319 lfegdelene,
1022 1246 1063 1304 dc
1099 1261 1167 1319 qua
1203 1244 1396 1304 daemonia
1431 1248 1574 1319 septem

442 1347 622 1421 exierunt,
645 1351 682 1407 at
701 1347 867 1407 Iohanne
885 1364 974 1406 uror
988 1346 1052 1407 Oai
1071 1345 1330 1420 procuratoris
1352 1347 1515 1406 Herodis
1537 1349 1574 1406 at

442 1449 608 1508 Susanna
629 1453 666 1508 et
686 1449 784 1509 aliee
805 1450 946 1510 multae
968 1466 1060 1522 qnue
1092 1452 1128 1508 et
1159 1447 1433 1508 ministrabant
1454 1448 1610 1508 illidere

443 1550 699 1610 facultatibus
720 1553 809 1612 suis.

391 1657 432 1716 26
485 1651 631 1724 Numquid
656 1651 850 1711 adhaerebant
871 1651 1070 1726 singularibus
1091 1651 1253 1724 singulares
1268 1654 1319 1712 aut
1343 1652 1575 1727 indisciplinatae

442 1752 674 1813 commorationis
696 1754 920 1825 perseuerabant
935 1752 1111 1813 inlecebroso
1126 1755 1267 1814 consortio
1282 1757 1498 1827 concursantes,
1524 1754 1576 1814 ubi
1639 1789 1642 1796 ·

443 1856 506 1914 tote
526 1853 647 1913 ecclesie
666 1857 868 1927 propemodum
891 1855 1022 1926 nouom,
1053 1856 1164 1913 utnon
1185 1855 1223 1914 ad
1236 1855 1448 1916 conuiuetiones
1475 1857 1574 1930 inpro-

442 1955 528 2016 bcsas
543 1955 594 2016 scd
606 1957 643 2016 nd
657 1956 794 2016 discenda
807 1957 899 2016 house
914 1955 1138 2017 conuersationis
1155 1957 1251 2016 studia
1265 1960 1471 2031 sequerentur?
1501 1959 1572 2018 adeo
1583 1976 1608 2015 rs

442 2073 499 2116 non
525 2057 591 2116 inde
617 2057 789 2116 describitur
804 2059 879 2130 quod
905 2058 1012 2118 nostris
1037 2058 1285 2117 concinnationibus
1300 2063 1487 2132 coaequetur,
1516 2076 1574 2118 non

443 2157 530 2230 risus,
545 2175 602 2217 non
617 2160 696 2218 iocus
711 2159 817 2219 dicitur
831 2159 969 2218 adfuisse.
985 2177 1037 2218 nec
1052 2158 1128 2218 sicud
1142 2159 1219 2232 apud
1241 2159 1378 2232 quosdam
1392 2175 1468 2220 nunc
1484 2177 1574 2234 usquc

441 2262 555 2320 adsolet
580 2261 642 2320 ficri
667 2262 771 2322 chorus
797 2263 984 2336 psallentium
1000 2263 1145 2335 uirginum
1170 2279 1254 2322 aures
1268 2264 1419 2322 ncnenosis
1441 2263 1575 2322 cuntibus

441 2362 583 2421 adseritur
598 2363 774 2424 demulsisse.
805 2365 835 2422 ct
858 2367 891 2422 ut
913 2365 948 2422 ds
963 2363 1102 2437 apostolis
1125 2363 1250 2423 breuiter
1275 2364 1407 2437 probem,
1436 2367 1573 2437 quantum

445 2464 506 2524 illis
520 2465 598 2524 durs
613 2464 795 2525 familiaritas
810 2466 905 2539 potuit
919 2463 1083 2538 displicere,
1098 2465 1148 2537 qui
1172 2465 1300 2538 conpulsi
1316 2468 1385 2524 snut
1408 2468 1437 2524 et
1463 2466 1498 2524 de
1513 2466 1577 2538 ipso
1588 2486 1615 2526 ec

445 2565 568 2626 Domino
594 2565 729 2640 loquente
757 2583 820 2626 cum
846 2565 954 2626 femina
969 2567 1116 2638 dubitare,
1142 2566 1199 2624 nisi
1225 2583 1273 2626 ece
1298 2565 1460 2626 maiestatis
1474 2567 1579 2627 notitia

444 2669 566 2740 probatu
580 2673 781 2742 conpesceret?
814 2670 888 2729 sicut
910 2669 1091 2743 euangelista
1112 2669 1201 2727 refert
1215 2669 1328 2728 dicens:
1359 2669 1458 2727 iuter
1473 2669 1578 2742 heac,

444 2767 555 2841 inquit,
578 2769 951 2842 ueneruntdiscipuli
976 2770 1055 2828 eius
1080 2772 1117 2828 et
1141 2768 1372 2829 mirabantur
1393 2770 1577 2842 quodcum

442 2869 597 2929 muliere
612 2870 839 2944 loqueretur.
862 2887 961 2930 nemo
976 2874 1094 2930 tamen
1110 2870 1207 2929 dlxii
1228 2871 1306 2929 illi:
1322 2870 1409 2943 quid
1424 2871 1578 2942 quaeris

443 2975 506 3030 nort
535 2973 619 3046 loqu
630 2973 705 3032 cris
734 2989 809 3031 cum
839 2974 900 3032 eal
931 2971 1001 3046 quid
1015 2975 1110 3031 autern
1126 2970 1227 3044 loquar
1241 2973 1390 3032 edccssum
1405 2970 1527 3030 feminee
1540 2971 1612 3031 adse

442 3075 530 3145 pedes
544 3074 657 3133 Domini
671 3074 858 3146 prouolutao,
885 3073 967 3132 conus
991 3073 1085 3133 luctus
1111 3075 1141 3131 et
1165 3073 1299 3146 planctus
1324 3072 1361 3130 ad
1383 3073 1577 3132 defensionem

442 3175 579 3235 lusciniae
593 3193 662 3236 suas
676 3193 733 3234 non
749 3177 923 3236 erubescunt
938 3173 1051 3249 inprobi
1066 3175 1218 3250 flugitare?
1234 3193 1325 3250 usque
1340 3175 1409 3235 odeo
1424 3175 1493 3237 illos
1508 3192 1575 3250 pro-

443 3277 507 3348 pria
521 3279 644 3337 caecitas
660 3277 752 3350 rupit,
780 3281 813 3336 ut
827 3295 880 3336 nec
895 3278 929 3336 de
945 3278 1088 3336 similibus
1111 3277 1205 3336 causis
1221 3280 1345 3337 audeant
1359 3278 1510 3348 reluctari,
1541 3277 1576 3334 dc

443 3378 550 3451 quibus
566 3379 706 3456 Salomon,
736 3378 968 3450 erceeouuil,
999 3379 1103 3452 inquit,
1134 3395 1194 3438 eos
1216 3378 1362 3438 malitia
1392 3395 1512 3438 corum
1542 3380 1576 3436 et

511 3557 751 3622 4Lu0.8‚1-3.
855 3559 1052 3624 2210.4,2'f.
1156 3558 1434 3628 298αρ.2,21.22.

511 3729 527 3782 1
546 3729 623 3782 misit
640 3743 718 3783 meo
860 3727 999 3796 apostolus
1018 3728 1052 3782 0¹
1201 3727 1344 3781 mulierum
1362 3727 1540 3780 comitatur

442 3812 590 3867 deducebat
606 3814 714 3880 scripsi,
733 3812 850 3866 ducebat
871 3812 900 3876 0,
920 3811 1067 3869 decebalo
1170 3813 1185 3866 7
1204 3813 1239 3867 ab
1262 3813 1292 3878 d,
1310 3827 1362 3867 ao
1463 3813 1481 3866 9
1499 3809 1577 3864 oric

441 3903 468 3952 et
484 3897 584 3966 reliqui
601 3896 687 3964 codd,
705 3898 838 3952 eburneo
972 3897 1006 3950 10
1023 3897 1068 3951 illi
1086 3897 1116 3956 0.
1135 3897 1194 3952 eiu
1321 3897 1354 3950 12
1371 3897 1522 3966 singulares
1544 3895 1573 3959 O,

442 3982 599 4052 singulaeu
703 3983 736 4037 13
754 3983 977 4037 commorationes
996 3982 1026 4046 0,
1044 3985 1239 4037 commorantes
1262 4001 1275 4038 o
1385 3982 1416 4037 14
1434 3981 1576 4036 moecatur

442 4067 472 4134 0,
490 4067 627 4122 uidebitur
644 4084 662 4123 o
736 4069 904 4138 improbosue
922 4069 952 4133 0,
971 4069 1106 4138 improbae
1124 4086 1154 4134 c,·
1171 4069 1207 4135 cf.
1224 4073 1288 4134 203,
1299 4073 1333 4124 13
1409 4069 1442 4123 15
1460 4068 1525 4123 adcc
1546 4067 1575 4132 O,

440 4153 535 4208 ideoc
610 4155 644 4208 16
662 4153 790 4208 scribitur
807 4173 825 4210 o
899 4155 932 4208 17
951 4169 1034 4223 usque
1053 4155 1077 4211 0
1093 4171 1126 4208 oa
1145 4157 1213 4210 lio
1230 4171 1286 4210 ras.
1360 4155 1395 4208 uo
1412 4159 1461 4208 aut
1482 4155 1510 4216 0,
1528 4155 1577 4206 aut

441 4237 506 4307 quid
517 4255 535 4294 o
602 4239 638 4293 29
651 4255 694 4293 eos
706 4239 1022 4308 inquirerentur
1091 4243 1120 4294 et
1133 4242 1284 4296 nescierunt
1296 4240 1326 4304 0,
1339 4243 1371 4294 ut
1381 4241 1514 4295 nescirent
1526 4256 1542 4294 c
