4012 5066
447 413 490 478 82
616 392 618 396 ¹
927 409 1112 480 Appendlr.

447 567 616 644 mysterium
641 567 709 630 ouo
734 567 937 630 intemeratum
965 568 1080 643 possint
1102 567 1238 644 occipere.
1268 568 1320 628 aad
1345 568 1430 641 enim,
1460 567 1586 629 uirorum

446 669 563 744 optime,
589 671 741 730 metemus
765 673 795 730 et
817 671 1020 745 permittamus
1040 670 1199 730 uirtutibus
1220 669 1394 731 caelestibus
1416 669 1494 730 uires
1507 687 1584 743 suas,

445 773 476 834 et
503 771 665 848 dignationi
690 773 805 834 diuinos
828 773 990 834 munem
1019 773 1208 834 concedmus
1236 772 1415 847 operstiones
1442 771 1585 847 proprias,

445 876 476 934 et
490 873 691 948 intellegentes
706 877 844 949 quantum
857 875 890 934 iu
905 891 940 935 ae
955 876 996 933 sit
1022 873 1245 935 emolumentum
1270 875 1395 934 libenter
1420 875 1447 933 ai
1462 873 1584 948 nequie-

445 992 568 1038 scomns.
591 978 622 1035 et
643 975 708 1036 ideo
728 991 793 1036 oum
813 975 893 1036 salua
914 977 1014 1036 nostro
1035 975 1067 1035 iu
1088 976 1261 1050 baptismata
1277 975 1407 1050 spiritus,
1430 975 1506 1050 quod
1520 975 1608 1050 ple-e

444 1093 565 1152 rumque
576 1095 641 1138 cum
650 1075 825 1152 baptismate
837 1093 929 1152 muno
943 1077 1128 1138 coniunctum
1138 1079 1194 1150 ast,
1209 1077 1250 1138 sit
1259 1077 1426 1148 constitute,
1441 1076 1583 1152 siquidem

444 1195 562 1254 pernes
576 1179 722 1252 baptismo
742 1179 882 1252 nouem,
911 1179 1024 1255 intem
1046 1183 1077 1240 et
1095 1179 1274 1240 sollemniter
1289 1179 1320 1240 et
1332 1195 1386 1253 per
1399 1177 1497 1238 omnia
1510 1195 1585 1252 quaa

443 1281 553 1356 scripta
566 1284 634 1342 sunt
648 1281 817 1356 admguetur
830 1283 918 1355 atque
934 1281 998 1342 aina
1012 1281 1075 1342 ulla
1086 1282 1176 1342 ullius
1186 1280 1229 1342 rai
1241 1280 1420 1355 separatione
1430 1279 1582 1339 tmdatnr:

443 1383 534 1442 eutai
549 1398 567 1441 a
580 1382 690 1443 minore
712 1381 789 1442 clero
813 1399 865 1458 per
885 1382 1088 1444 uecesmtatem
1109 1381 1250 1443 metitum
1266 1381 1364 1453 tuerit,
1380 1383 1516 1441 euentum
1531 1395 1582 1440 ex-

443 1485 605 1558 spectemus
634 1487 668 1544 ut
696 1485 747 1544 eut
775 1483 943 1559 suppleatur
971 1481 1364 1560 anobisaut1slllomiuo
1391 1483 1622 1556 supplaudumre

442 1587 622 1646 raseruetur:
645 1585 671 1645 si
685 1600 754 1652 uero
768 1587 805 1645 eb
820 1585 924 1646 olienis
942 1585 1083 1646 traditum
1097 1585 1195 1659 tuerit,
1209 1586 1244 1643 ut
1258 1587 1353 1658 potest
1364 1583 1419 1644 boo
1433 1583 1581 1658 negotium

441 1687 472 1747 ot
485 1688 520 1746 ut
533 1685 662 1746 admittit
682 1687 853 1762 corrigatur,
878 1687 948 1762 quia
970 1687 1093 1762 spiritus
1114 1688 1233 1748 motus
1254 1689 1336 1746 extra
1357 1685 1508 1746 ecclesium
1522 1701 1581 1744 nou

442 1787 491 1862 sit,
517 1787 589 1848 lidos
615 1803 726 1862 quoque
747 1804 804 1848 uon
826 1788 919 1848 solum
944 1790 1021 1864 apud
1036 1789 1206 1862 haereticos,
1221 1805 1322 1848 uerum
1336 1787 1423 1847 etiem
1438 1789 1515 1860 apuu
1529 1803 1579 1846 eoa

442 1885 491 1964 qui
516 1889 548 1948 in
573 1889 729 1950 schismata
754 1891 906 1950 conattuti
931 1893 1000 1950 sunt
1025 1907 1097 1950 seua
1122 1905 1186 1950 esse
1211 1907 1268 1949 uon
1292 1889 1394 1963 possit,
1416 1889 1578 1962 idcircoque

441 1991 646 2065 poenitentium
672 1992 826 2066 agentibus
851 1993 1043 2068 consciisque
1064 2011 1116 2068 per
1136 1993 1295 2055 doctrinam
1320 1992 1455 2053 nantolis
1476 1994 1507 2052 et
1526 2007 1615 2064 parm

440 2093 526 2153 fidem
552 2093 688 2168 ipserum,
714 2111 787 2167 quae
813 2095 915 2168 postea
939 2095 1091 2154 emendato
1114 2097 1159 2155 ost
1184 2093 1334 2168 purificato
1359 2093 1442 2153 corda
1468 2108 1577 2164 corum,

439 2195 637 2255 tantummodo
658 2193 833 2268 baptismate
854 2195 980 2270 spirituli
1003 2195 1033 2255 id
1054 2197 1100 2256 ast
1121 2212 1223 2256 menna
1245 2193 1428 2269 impositione
1450 2193 1577 2268 episcopi

440 2298 471 2354 et
485 2295 607 2370 spiritus
629 2295 723 2356 suncti
747 2296 1011 2357 subministratione
1033 2297 1181 2356 subueniri
1197 2297 1308 2356 (leben.
1331 2297 1446 2369 signum
1460 2311 1574 2370 quoqne

439 2395 507 2457 tielei
527 2396 673 2470 integrum
695 2397 748 2457 hoc
767 2397 849 2458 modo
865 2398 895 2456 et
909 2398 964 2456 lunc
988 2398 1100 2458 untione
1114 2397 1192 2458 tradi
1206 2397 1238 2456 in
1251 2397 1373 2458 melmin
1385 2397 1489 2456 merito
1503 2413 1574 2457 ceu·

440 2497 546 2571 sneuit,
567 2514 602 2557 ue
623 2496 765 2558 inuocatie
785 2497 910 2558 nominis
923 2499 990 2559 Iesu
1005 2515 1078 2572 quse
1093 2499 1202 2559 aboleri
1216 2515 1272 2558 nou
1285 2500 1383 2573 potest
1398 2497 1574 2571 contemptui
1583 2517 1611 2558 ro

440 2598 562 2658 anobis
584 2597 716 2658 uideatur
735 2599 846 2671 habita,
870 2599 945 2672 quod
966 2599 1066 2673 utique
1086 2617 1143 2661 uou
1163 2601 1286 2672 oportet,
1313 2614 1484 2674 quamquem
1504 2597 1575 2658 talis

436 2697 597 2772 inuocatie‚
626 2699 653 2759 si
678 2699 752 2758 nihil
777 2715 874 2759 eorum
901 2715 974 2772 quse
999 2699 1220 2760 memorauimns
1245 2701 1375 2760 secutum
1404 2698 1509 2771 inerit,
1537 2700 1574 2758 eb

437 2799 602 2874 operatione
625 2799 728 2860 suune
750 2803 846 2861 cesset
868 2817 903 2862 ac
922 2802 1017 2862 uacat.
1041 2801 1153 2861 diceuta
1169 2801 1245 2860 enim
1259 2799 1390 2880 epoetelo
1405 2817 1494 2859 unum
1508 2817 1574 2861 esso

436 2901 590 2976 baptisma,
615 2917 732 2963 neceme
756 2905 803 2963 ast
827 2901 1006 2964 inuocatione
1031 2903 1155 2963 nominis
1175 2902 1243 2963 Iesu
1263 2905 1479 2977 perseuerante,
1504 2902 1574 2976 quia

435 3020 493 3064 uon
513 3005 609 3080 potest
623 3020 641 3063 a
655 3021 798 3078 quoquom
820 3004 968 3064 homiuum
988 3021 1061 3079 quae
1081 3005 1172 3065 murel
1192 3005 1328 3065 inuocato
1348 3002 1608 3078 scemorensis

435 3121 499 3166 aem
521 3107 620 3167 eoutm
641 3105 786 3166 temetum
805 3104 999 3180 apostolorum
1021 3106 1168 3181 gaminaro
1190 3106 1253 3167 ansi
1268 3105 1407 3166 metimus
1421 3104 1571 3166 nimieteto

434 3207 602 3282 praestanti
627 3207 713 3268 immo
739 3207 949 3282 aupemeeeuei
975 3209 1161 3282 baptismatis
1186 3207 1299 3269 studio:
1325 3207 1351 3268 si
1377 3207 1429 3267 ille
1457 3207 1507 3283 qui
1533 3209 1572 3268 au

434 3309 585 3371 sodomam
610 3310 768 3372 reuertitur
793 3310 866 3370 nolit
892 3311 986 3372 denuo
1011 3311 1165 3387 baptisari,
1190 3311 1320 3371 futurum
1339 3314 1386 3372 ast
1404 3313 1439 3370 ut
1453 3310 1569 3373 deten-

434 3411 535 3472 temus
558 3412 733 3488 baptismate
759 3411 885 3487 spiritali
911 3429 977 3474 eum
1004 3429 1090 3490 quem
1114 3415 1250 3490 putamus
1271 3403 1499 3474 defraudandum
1513 3430 1570 3474 non

434 3529 498 3574 ease
511 3513 686 3588 bsptismete
701 3531 801 3589 muse.
1579 3535 1607 3577 ao

383 3617 422 3678 11
476 3615 551 3686 Quid
571 3618 667 3678 eutem
687 3619 798 3677 statues
817 3616 849 3676 in
869 3633 1022 3691 personam
1043 3617 1106 3678 mus
1125 3617 1246 3678 uerbum
1269 3615 1414 3678 eumenus
1428 3617 1479 3691 qni
1494 3615 1569 3678 terte

433 3718 630 3792 adprehensus
648 3717 680 3777 in
699 3717 814 3780 nomine
836 3717 946 3778 Christi
960 3719 1062 3778 atatim
1076 3719 1224 3780 oculeum
1239 3735 1274 3780 ac
1288 3718 1457 3794 priusquam
1470 3719 1568 3794 bspti-

432 3820 493 3880 aari
519 3837 594 3894 aqna
618 3819 832 3894 permitteretur
847 3821 875 3880 oi
895 3819 985 3881 tuerit
1009 3822 1137 3897 punitus,
1163 3823 1261 3882 utrum
1285 3822 1395 3896 perisse
1421 3840 1486 3883 eum
1499 3837 1568 3895 pro·

432 3921 581 3982 nuutisbia
600 3921 669 3995 quia
688 3937 745 3983 nou
764 3926 810 3983 est
829 3940 905 3998 aqua
924 3923 1099 3997 baptizatus,
1125 3941 1163 3984 on
1182 3939 1250 3984 uero
1264 3923 1375 3997 eliquit
1390 3922 1568 3984 extrinsecus

503 4123 519 4176 1
536 4121 661 4178 uiuorum
678 4122 745 4188 coot,
764 4138 813 4178 coo
831 4123 973 4182 Bubetios
1050 4125 1069 4180 4
1086 4125 1123 4195 at]
1141 4127 1174 4180 ut
1191 4124 1252 4196 Rip.
1333 4123 1449 4179 tientes
1466 4122 1531 4192 1359.

432 4206 468 4261 10
485 4222 502 4261 a
518 4207 621 4264 moueat
689 4209 724 4264 18
740 4207 821 4264 debet
835 4209 904 4276 fort.
978 4210 1013 4266 22
1031 4211 1161 4281 secutum]
1181 4211 1317 4266 serentum
1336 4208 1397 4281 Rip.
1467 4208 1502 4263 26
1520 4211 1570 4263 eut

432 4291 534 4352 meod.
605 4293 638 4348 at
656 4293 778 4350 studiosi.
797 4294 827 4349 ei
844 4293 907 4367 Rip.
977 4295 1012 4351 28
1028 4294 1117 4349 noluit
1134 4294 1199 4366 Rip.
