4012 5066
647 509 693 564 De
711 505 888 561 montibus
906 504 989 560 Sine
1006 506 1040 559 et
1057 503 1138 560 Sion
1162 518 1185 559 o.
1203 503 1299 561 9-10.
1484 505 1547 575 115

404 668 539 730 menibus
565 668 627 728 suis
651 681 717 728 enm
742 665 773 725 in
787 666 898 726 herone
922 663 1068 726 obruerit:
1095 662 1230 724 citimus
1251 664 1348 723 eutem
1368 662 1400 723 in
1421 665 1549 725 montem

406 773 538 831 sonetum
552 769 683 832 eseendit
693 769 807 843 lignum
820 767 904 842 regni
919 767 974 841 sui,
988 769 1024 826 nt
1034 768 1193 827 moreretur
1203 783 1223 826 e
1232 763 1358 839 Inieeie,
1374 781 1460 839 quem
1472 765 1549 841 qnod

406 871 468 947 ipse
490 871 617 946 eliquom
638 871 786 930 hominum
807 868 1013 942 mori-iteraret,
1036 868 1096 928 nisi
1115 867 1209 928 solum
1231 849 1378 928 diebolum
1399 867 1548 928 inimionm

408 971 508 1049 generi
532 973 667 1032 humone.
690 969 793 1032 exindo
819 971 977 1038 esoendens
997 969 1029 1030 in
1054 963 1181 1030 montem
1205 968 1343 1030 innooens
1366 973 1398 1030 et
1423 969 1548 1030 mondus

388 1073 505 1145 seorde,
531 1075 562 1133 et
580 1073 645 1133 ideo
668 1073 810 1148 prophete
824 1070 911 1132 dioit:
935 1070 1021 1145 quis
1043 1070 1222 1132 esoendet
1243 1071 1281 1131 in
1303 1072 1459 1132 montem
1481 1069 1547 1131 Do·

407 1173 553 1234 minist
575 1174 661 1251 quie
682 1172 805 1235 stebit
825 1173 863 1233 in
884 1173 965 1234 looo
987 1174 1118 1234 semoto
1140 1172 1244 1233 eins?
1267 1172 1448 1234 innocens
1478 1189 1547 1232 me·

407 1276 518 1337 nibus
539 1278 570 1338 et
594 1279 701 1351 estere,
727 1279 759 1337 et
773 1275 934 1338 deplorauit
960 1278 1097 1337 montem·
1111 1275 1180 1336 Sion
1199 1277 1332 1336 semotum
1354 1290 1419 1336 esse
1434 1291 1547 1337 omoem

407 1381 538 1440 semotam
562 1378 676 1439 dioente
701 1379 977 1460 eeqneprophete:
1011 1379 1053 1438 de
1074 1377 1161 1439 Sion
1182 1376 1282 1438 exiet
1303 1376 1381 1451 lex,
1410 1379 1446 1438 et
1466 1394 1547 1438 ner·

406 1481 488 1542 bum
523 1479 669 1542 Domini
701 1480 745 1541 eb
782 1479 1030 1541 Hierusalem.
1067 1479 1115 1541 lex
1149 1479 1373 1542 ohristisnomm
1402 1495 1473 1541 orux
1502 1481 1549 1541 est

372 1603 399 1644 ιο
408 1585 510 1644 semote
536 1582 647 1643 Christi
672 1583 726 1644 filii
753 1583 807 1642 Dei
833 1583 896 1643 uini
921 1583 1035 1643 ‹iioonte
1060 1597 1150 1656 eeqno
1164 1583 1323 1656 prophetet
1346 1582 1404 1641 lex
1425 1583 1490 1642 tue
1511 1579 1549 1640 in

315 1763 318 1766 ,
406 1683 522 1744 medio
544 1684 691 1745 uentris
713 1683 792 1744 mei.
814 1699 971 1758 poronseus
997 1683 1143 1743 inleteris
1163 1685 1283 1743 uentre:
1310 1683 1345 1742 do
1365 1682 1457 1742 latere
1478 1699 1547 1741 sen·

406 1785 471 1860 guis
485 1788 516 1846 et
530 1802 606 1860 equs
626 1785 735 1846 mixtus
749 1785 884 1861 profusus
910 1785 1048 1860 essuobot,
1069 1785 1144 1845 unde
1166 1784 1224 1845 sibi
1246 1783 1398 1846 ecelesiam
1417 1785 1548 1846 semotam

408 1887 572 1961 iebrioenit,
593 1888 625 1947 in
645 1904 733 1962 quem
753 1887 849 1963 legem
870 1885 1018 1962 pessionie
1038 1903 1109 1947 sose
1129 1885 1314 1948 oonsoorebet
1333 1885 1445 1947 diosnte
1468 1887 1547 1960 ipso:

407 1988 469 2063 qui
490 1987 588 2062 sitit,
609 1990 742 2050 ueniet
763 1992 800 2050 et
821 1989 937 2051 bibet.
961 1989 1023 2064 qui
1038 1988 1161 2049 eredit
1180 1989 1219 2048 in
1242 2003 1303 2060 mo,
1326 1987 1486 2048 flumine
1507 1987 1548 2048 de

372 2094 537 2152 :euenire
569 2091 650 2151 eius
682 2091 861 2152 iluebunt
893 2107 1009 2167 eqnee
1043 2091 1161 2151 uiuae.
1193 2089 1264 2150 item
1284 2090 1316 2148 in
1346 2088 1481 2164 peelmis:
1511 2092 1548 2150 et

406 2192 484 2252 orit
504 2192 609 2252 uelut
630 2193 772 2267 lignum
802 2194 895 2270 qnod
917 2193 1131 2267 plantatum
1153 2195 1211 2251 est
1238 2207 1346 2251 seous
1368 2191 1548 2251 deonrsns

406 2311 597 2375 equorum,
632 2296 728 2370 quoi
760 2295 924 2355 iruotum
958 2311 1062 2354 snum
1093 2293 1197 2354 debit
1225 2290 1449 2366 intempore
1471 2309 1546 2353 suo.

408 2412 473 2458 oooe
487 2399 607 2458 uerbum
622 2397 822 2472 prophetioum
837 2397 965 2458 neotum
980 2394 1199 2457 reemreotionis
1214 2394 1261 2454 die
1274 2393 1362 2454 tertio
1374 2392 1548 2468 spiritaliter

407 2497 634 2574 intellegendum
661 2473 815 2560 dioentisz'
834 2499 877 2559 de
898 2499 987 2559 Sion
1008 2497 1104 2559 enim
1125 2496 1226 2558 exiet
1246 2497 1323 2569 lox,
1353 2495 1409 2557 hoo
1437 2498 1483 2556 est
1511 2498 1547 2557 ie

369 2599 484 2675 soligno
512 2600 623 2674 regali,
656 2603 693 2660 et
724 2602 878 2661 uerbum
899 2600 1045 2660 Domini
1065 2600 1109 2659 eb
1132 2598 1377 2675 Hieruselem,
1398 2614 1473 2673 quse
1502 2599 1548 2656 eet

406 2700 535 2763 eooleeie.

449 2802 521 2864 (iero
536 2804 616 2879 ligno
631 2803 741 2865 contine
755 2803 852 2864 emisit
867 2805 988 2864 uerbum
1003 2800 1176 2863 dominioum
1197 2801 1310 2862 dicens:
1334 2801 1429 2875 Heli,
1452 2799 1543 2859 heli.
1557 2806 1598 2866 10

407 2909 437 2966 et
466 2905 645 2980 adinpletum
674 2910 719 2966 est
747 2905 948 2980 prophotioum
978 2903 1110 2979 spiritale
1139 2905 1207 2964 ente
1237 2902 1362 2962 dietum:
1391 2901 1433 2962 de
1462 2900 1547 2961 Sion

476 3102 856 3170 em.2‚3.(11ioh.4‚2.)
981 3101 1070 3156 1410.
1089 3100 1236 3165 1313&
1361 3098 1545 3160 lemme.

405 3189 442 3244 22
458 3189 560 3244 Metth.
577 3189 621 3254 2⁷,
637 3188 682 3244 46.

474 3359 592 3428 iqnem
609 3357 680 3427 quod
699 3358 770 3423 ΜΤ,
787 3357 880 3427 potins
898 3370 980 3426 quem
999 3355 1071 3424 quod
1089 3374 1117 3425 μ,
1135 3367 1299 3424 quemquem
1315 3370 1333 3410 o
1424 3353 1547 3408 thomi-

406 3458 468 3498 nem
486 3463 507 3513 p
645 3443 828 3499 mortifereret
844 3442 936 3512 ΜΤμ,
956 3455 1009 3497 non
1027 3439 1268 3496 mortifloonerito
1405 3439 1425 3494 4
1441 3437 1548 3508 generis

406 3527 519 3582 hnmani
537 3528 589 3583 Mo
721 3529 750 3582 in
769 3529 891 3582 montem
908 3525 1065 3582 ostendito
1198 3523 1298 3580 mendo
1314 3523 1354 3578 Μ
1481 3523 1500 3577 5
1519 3524 1549 3578 et

406 3613 485 3668 oorie
503 3613 529 3667 Τ
665 3613 787 3684 eeomdit
803 3613 843 3668 Μ
843 3612 870 3668 T
1000 3611 1019 3666 6
1036 3610 1161 3666 menibus
1179 3613 1208 3664 et
1225 3609 1325 3665 mundo
1342 3605 1420 3665 eorde
1438 3609 1513 3678 Μμυ

407 3698 469 3752 iet
486 3700 575 3753 oetere
591 3716 672 3756 osto
741 3715 846 3756 oruoom
863 3715 967 3755 seomm
981 3717 1010 3768 μ,
1028 3700 1152 3752 eenotem
1169 3711 1304 3752 ornoemo
1371 3695 1390 3748 8
1407 3692 1515 3749 exiitT

406 3784 424 3838 9
440 3782 486 3854 eb]
503 3783 537 3838 de
557 3784 585 3861 Τ
697 3783 731 3839 10
747 3784 850 3839 ohn'sto
869 3783 963 3839 tilioo
1085 3781 1232 3852 prophetoe
1249 3780 1277 3834 T
1389 3780 1422 3835 11
1440 3793 1547 3849 perone·

406 3883 466 3922 enm
485 3867 521 3924 M
622 3868 783 3933 letereMT.
801 3868 896 3924 lentes
912 3883 950 3937 μυ
1047 3865 1188 3936 sengninis
1201 3864 1231 3918 Μ
1330 3865 1364 3920 12
1380 3867 1409 3920 et
1425 3879 1512 3934 onep

406 3969 504 4023 equam
522 3955 587 4009 ΜΤ
716 3953 848 4024 protiosus
865 3957 899 4024 μ’
1027 3952 1158 4008 nffluebet
1175 3972 1204 4021 μ,
1221 3951 1357 4008 flnebeto
1471 3966 1548 4006 seno

405 4042 464 4093 tem
482 4055 533 4094 om
550 4059 571 4108 ,o
721 4041 756 4096 13
773 4056 827 4108 qno
845 4057 863 4095 o
1019 4040 1191 4093 oonseoretus
1210 4037 1276 4107 ἦν,
1293 4035 1461 4092 oonseorenit
1478 4042 1512 4105 μΙ

407 4125 444 4181 14
460 4124 534 4180 bibit
551 4126 587 4180 1·Ι
691 4125 814 4197 flumine]
832 4124 904 4179 siout
922 4123 1057 4193 seriptum
1074 4123 1117 4176 eet
1134 4121 1248 4177 flumine
1265 4121 1318 4178 Me
1429 4119 1464 4176 15
1481 4119 1547 4176 floe-

406 4208 477 4264 bnnt
496 4209 768 4280 Tp¹,fluent11p¹o
883 4224 970 4278 eqnso
983 4247 990 4262 .
1004 4247 1011 4262 .
1024 4247 1031 4262 .
1044 4207 1157 4277 pselmie
1174 4223 1226 4263 om.
1245 4206 1302 4276 Τμ·
1419 4206 1453 4261 16
1470 4221 1546 4261 seces

407 4295 542 4366 decursus]
561 4296 637 4351 iurte
653 4299 795 4365 treetusp
932 4293 964 4348 11
983 4293 1103 4348 frustum
1121 4309 1172 4348 om
1191 4291 1218 4347 T
1342 4292 1377 4348 18
1394 4291 1511 4346 terties

408 4381 442 4436 19
458 4381 531 4437 enim
548 4396 598 4436 ooo
617 4383 669 4440 Mo
772 4383 839 4436 exiit
856 4380 884 4435 T
988 4377 1023 4433 23
1041 4377 1194 4447 spiriteiem
1211 4377 1287 4435 ΜΨ

1287 4465 1339 4528 8*
