4016 5054
443 413 507 478 218
915 407 1100 478 Appendix.

448 569 563 630 conlata
583 571 644 641 ost,
666 571 700 628 ut
713 570 849 644 procidos
863 583 921 628 non
934 568 968 626 ut
981 565 1153 641 praecipites
1167 567 1293 638 mester,
1320 567 1353 624 ut
1378 563 1444 624 illos
1465 563 1576 624 muniet

446 670 495 744 qui
510 672 679 730 renuntiant
693 669 949 745 inportunitatibus
964 667 1146 738 delictorum,
1172 682 1229 726 non
1244 683 1294 727 eos
1310 666 1360 740 qni
1374 682 1406 726 se
1420 667 1512 740 magis
1526 665 1573 726 iu·

442 772 574 846 portunis
590 772 704 834 delictis
719 773 894 846 inmergant.
921 770 1019 832 emus
1033 768 1116 829 nobis
1141 769 1228 828 datus
1242 769 1288 828 est
1303 767 1439 842 spiritus,
1469 769 1519 828 sed
1541 769 1574 828 ιιι

441 873 586 934 contraria
601 873 814 934 declinantibus
828 870 992 932 morundo
1007 870 1170 941 subueniri,
1185 886 1242 928 non
1257 872 1291 930 nt
1308 867 1452 929 contraria
1461 868 1572 942 eligen-

442 975 520 1035 tibce
534 975 645 1049 faueat,
660 992 714 1036 noc
728 976 761 1034 ut
776 971 955 1036 uoluntarios
969 974 999 1032 et
1014 989 1118 1047 pronos
1133 971 1163 1030 in
1178 971 1300 1032 aduersa
1311 969 1463 1044 coniortot,
1479 971 1594 1031 mdnte
1624 967 1626 972 ’

441 1079 478 1137 ab
499 1078 630 1138 aduersis
653 1079 780 1137 nitentes
795 1076 922 1151 seperari
937 1074 1093 1135 confirmet.
1122 1091 1188 1133 nam
1214 1075 1384 1149 quicumque
1406 1071 1573 1147 perniciosis

443 1178 592 1239 conatibus
606 1180 694 1239 audet
708 1193 838 1238 exercere
853 1177 1000 1249 uirtutem,
1016 1178 1149 1236 iuuamen
1164 1193 1221 1235 non
1236 1177 1325 1235 babet
1338 1173 1458 1249 spiritus
1470 1174 1573 1244 sancti

443 1280 492 1354 qui
508 1281 651 1340 neminem
666 1280 731 1339 nult
745 1280 907 1340 ultroneum
931 1279 1025 1338 uirum
1051 1277 1155 1337 fortem
1171 1277 1208 1337 sd
1223 1277 1421 1338 fraudulentas
1435 1275 1574 1337 uictorias

440 1382 578 1441 temtari:
601 1397 655 1441 noo
680 1382 807 1455 protegit
821 1397 896 1453 enm,
922 1379 992 1454 quin
1017 1380 1102 1441 immo
1129 1379 1181 1440 sed
1197 1379 1314 1451 deserit,
1337 1396 1422 1453 quem
1435 1377 1572 1451 periculis

440 1481 601 1542 inruentem
616 1497 668 1556 per
683 1481 810 1542 inlicitos
824 1485 946 1542 euentus
961 1481 1109 1556 exquirere
1131 1483 1294 1557 triumphos
1309 1480 1469 1554 agnouerit,
1496 1479 1571 1539 sicem
1581 1499 1610 1540 ro

441 1583 502 1658 ipse
517 1584 574 1644 inm
589 1587 659 1644 tunc
672 1601 725 1658 per
740 1583 917 1644 Salomonem
933 1583 1045 1643 locutus
1070 1587 1115 1642 est
1142 1584 1256 1642 dicens:
1286 1598 1410 1642 amans
1431 1581 1572 1654 perion-

443 1685 514 1746 lum
538 1686 574 1747 in
596 1687 679 1762 ipso
700 1685 831 1760 periet.

386 1791 432 1850 43
488 1788 594 1847 Ordine
609 1806 661 1848 suo
676 1788 766 1862 igitur
779 1805 838 1848 non
853 1791 951 1847 nostm
976 1787 1096 1847 arbitrio
1123 1788 1218 1846 nimus
1244 1787 1338 1848 sancti
1352 1787 1471 1860 spiritus
1485 1787 1571 1846 mini-

441 1890 552 1948 stretur
567 1892 596 1949 et
612 1890 767 1950 secundnm
782 1889 947 1948 institutum
963 1888 1025 1948 eine
1040 1889 1151 1962 proelia
1171 1890 1388 1964 prosperantur.
1418 1905 1571 1962 numquam

440 1989 497 2048 nisi
512 1991 722 2064 praecipitatus
737 1993 878 2052 exereitus
894 1991 1006 2062 cecidit,
1033 1991 1084 2064 qui
1109 1990 1212 2049 auidus
1238 1991 1356 2051 fortiter
1381 1991 1476 2050 iacere
1489 1990 1609 2050 duona

439 2091 487 2152 nol
501 2091 685 2164 imperatoris
700 2092 746 2151 eui
761 2092 963 2166 dispositiones
978 2090 1106 2165 inrupit:
1137 2091 1226 2152 multo
1249 2091 1343 2166 megis
1362 2092 1571 2165 perperitnrsm

440 2195 540 2268 eroget
554 2193 762 2266 fortitudinem,
785 2195 834 2269 qui
849 2194 911 2254 sino
926 2194 1015 2254 ermis
1029 2194 1175 2254 doctrinae
1189 2194 1323 2268 magistri
1344 2193 1464 2268 spiritus
1485 2209 1571 2268 prae·

440 2294 597 2366 sumpserit
611 2293 801 2368 triumphare,
828 2313 890 2355 cum
906 2295 998 2355 dicat:
1029 2312 1092 2355 uae
1119 2296 1182 2369 qni
1210 2312 1273 2368 por
1300 2296 1571 2370 praesumptio·

439 2410 518 2453 nem
548 2411 646 2456 snam
675 2397 825 2469 aliquid
854 2397 1013 2467 iaciunt,
1043 2413 1111 2455 non
1139 2413 1206 2470 per
1234 2397 1341 2457 Deum

389 2502 432 2560 44
486 2494 516 2554 Si
546 2513 604 2570 qua
635 2497 727 2570 igitur
755 2497 787 2556 in
821 2496 903 2556 nobis
937 2499 981 2556 est
1009 2497 1113 2558 fiducia
1141 2498 1247 2558 uirium
1275 2497 1465 2572 spiritalium,
1502 2499 1608 2574 quidsi

439 2596 587 2670 spiritales
628 2600 730 2659 deceat
776 2599 954 2670 recordetur,
1002 2602 1031 2658 ot
1073 2599 1099 2659 si
1143 2601 1260 2660 creditis
1305 2617 1357 2660 noe
1402 2599 1572 2672 spiritaliter

439 2697 582 2772 militare,
627 2698 776 2774 agnoscite
818 2702 892 2774 quod
933 2701 1064 2761 docemus
1113 2718 1170 2760 uon
1211 2717 1274 2762 esee
1315 2702 1445 2774 omnale,
1496 2702 1572 2763 sicum

439 2801 548 2860 Paulus
564 2802 713 2874 apostolus
727 2800 856 2874 loquitur
870 2802 983 2862 dicens:
1008 2803 1040 2862 ei
1061 2803 1143 2877 quis
1165 2804 1275 2876 putat
1296 2820 1334 2863 se
1355 2806 1570 2877 prophetam

439 2919 519 2962 esee
541 2907 610 2964 aut
631 2902 862 2977 spiritalem,
885 2909 1087 2978 cognoscat
1108 2921 1200 2978 quae
1222 2906 1346 2966 scribo
1367 2905 1481 2967 uobis.
1513 2922 1570 2966 non

437 3006 483 3064 est
508 3007 584 3079 quod
609 3005 692 3065 uobis
712 3005 744 3064 in
768 3007 823 3066 hac
844 3006 1028 3080 persuasione
1049 3007 1214 3080 deceptoria
1228 3007 1426 3080 blandiamini,
1453 3010 1486 3067 ut
1500 3007 1605 3083 quinas

437 3103 584 3178 spiritales
607 3105 690 3179 estis,
712 3105 811 3166 uelitis
832 3107 909 3167 inter
931 3107 1138 3181 flagitiosorum
1160 3112 1337 3169 armemoma
1358 3109 1480 3183 uorseri,
1515 3125 1570 3169 noc

436 3223 488 3267 uos
514 3207 659 3268 inhabiles
680 3225 743 3268 esse
764 3225 815 3282 pro
837 3208 989 3269 elemosine
1012 3210 1165 3284 dignitate,
1193 3211 1262 3283 quia
1275 3211 1431 3269 maioribus
1446 3211 1568 3272 maiores

436 3312 610 3369 consuerunt
636 3305 862 3371 conflictationes
889 3327 1044 3372 occurrere.
1066 3311 1162 3372 acrius
1178 3312 1318 3371 diuitibus
1332 3329 1418 3386 quam
1432 3313 1569 3388 pauperi·

331 3459 335 3468 .
437 3412 493 3471 bus
515 3412 664 3472 incidetur
684 3415 714 3472 et
734 3429 792 3473 nou
807 3413 906 3488 inopes
922 3415 971 3473 sed
987 3414 1145 3488 locupletes
1159 3415 1304 3488 inquietat
1318 3410 1467 3476 infestatio
1482 3432 1569 3477 saeua

504 3678 537 3732 11
556 3678 608 3733 Sir.
626 3679 651 3744 3,
669 3679 713 3734 26.
818 3681 852 3734 18
869 3677 909 3734 i?
1013 3680 1157 3736 231001.
1178 3681 1220 3745 14,
1237 3681 1280 3736 37.

501 3924 519 3978 4
536 3924 737 3981 declinantibus
755 3927 779 3982 0
794 3928 820 3982 ol
838 3945 873 3984 cc
891 3929 908 3982 d
924 3947 960 3984 m.
979 3932 1000 3984 2
1113 3932 1282 4001 elegentibus
1304 3933 1327 3989 G
1437 3933 1566 3988 buolun·

433 4008 610 4066 tariosotG
713 4011 897 4070 taburno
997 4016 1278 4081 bernaldum
1382 4017 1564 4087 liperici&

432 4095 567 4165 peribitc
670 4097 706 4152 16
722 4099 916 4168 perpetiturom
933 4100 964 4166 0,
981 4117 1152 4172 musmo
1253 4103 1289 4158 20
1306 4103 1372 4172 quid
1389 4120 1425 4160 ec
1442 4105 1489 4174 qui
1510 4103 1534 4162 0

431 4181 465 4234 21
483 4181 655 4236 recordemur
672 4199 697 4246 o,
715 4185 891 4240 recordemini
909 4187 1052 4242 Panaetius
1160 4188 1341 4244 melarione
1362 4191 1397 4246 0¹
1509 4207 1565 4246 ms·

432 4264 501 4318 iores
518 4266 699 4321 maioribnso
801 4269 839 4324 28
856 4275 1084 4328 consueuoruntv
1189 4274 1371 4330 conflictiones
1389 4291 1405 4330 o
