4014 5056
360 390 517 461 pexu

441 541 514 597 arcs
556 541 865 630 Hammeum.
941 541 1185 610 cormeum
1258 527 1435 600 samad
1508 559 1576 616 quo

439 627 596 768 m
676 627 1102 698 pascuumauecoeom
1191 628 1377 700 sumptu
1458 635 1575 688 saecu

445 842 555 911 VDe
574 845 890 928 rooapumatc
910 845 1038 914 libellus
1056 848 1167 912 centra
1180 843 1370 931 Oppriauum
1390 843 1573 932 aStephaqi

441 954 543 1022 amico
561 957 758 1042 conscriptus
772 978 802 1024 a.
819 958 902 1026 1648
920 958 1061 1041 primum
1074 978 1095 1025 a
1107 957 1249 1043 Rigaltio
1270 957 1374 1024 editus
1390 959 1448 1024 est
1475 957 1575 1023 edidit

441 1085 515 1132 uero
532 1067 579 1132 ad
600 1063 816 1154 apogruphum
838 1069 920 1154 quod
944 1087 982 1134 ex
1004 1068 1110 1135 codice
1128 1067 1160 1134 S.
1176 1067 1317 1152 Remigii
1331 1067 1494 1134 &mensis
1508 1065 1575 1133 Sir·

442 1175 577 1243 mondus
593 1177 770 1245 coniecerat
783 1196 845 1244 non
860 1198 897 1246 ea
910 1197 973 1262 qua
986 1179 1116 1244 unicum
1130 1177 1270 1246 codicem
1284 1178 1428 1244 excutere
1442 1175 1575 1244 &tabat

442 1286 609 1373 diligentia
623 1288 718 1371 atque
733 1303 816 1355 cura
831 1287 995 1356 nonnullos
1009 1287 1104 1354 huius
1114 1286 1285 1374 apographi
1297 1303 1414 1353 errores
1424 1287 1574 1354 Beluzins

441 1397 497 1479 qui
506 1399 578 1480 post
589 1396 790 1464 Sirmondum
804 1385 942 1465 codicem
955 1397 1072 1464 iterum
1086 1397 1222 1464 contudt
1235 1397 1377 1463 conexit
1394 1397 1448 1462 sed
1464 1397 1571 1464 dolen·

442 1505 519 1573 dum
540 1508 590 1574 est
610 1527 682 1574 eum
702 1525 764 1575 non
783 1508 950 1594 diligenter
968 1509 1141 1588 adnotasse,
1162 1511 1272 1574 utrum
1292 1526 1370 1592 quae
1385 1508 1509 1574 diuersa
1522 1525 1575 1574 ex·

440 1616 546 1682 hibuit
570 1615 675 1684 sicin
699 1617 803 1684 codice
828 1617 1019 1685 exstitissent
1042 1637 1082 1684 an
1107 1618 1283 1685 coniectura
1308 1619 1410 1684 esseut
1435 1617 1571 1684 inuecta.

440 1725 497 1792 iss
516 1723 746 1809 discrepantias
766 1727 885 1812 legenti
908 1727 1124 1795 diiudicandus
1144 1727 1180 1793 in
1194 1729 1395 1795 adnotatione
1416 1727 1571 1812 proposui.

441 1833 580 1902 codicem
594 1835 701 1921 ipsum
715 1837 835 1903 trustra
847 1855 868 1902 a
880 1855 932 1904 me
942 1837 1051 1903 Remis
1065 1837 1244 1921 quaesitum
1259 1855 1333 1904 cum
1347 1835 1572 1903 uetustissimis

441 1945 530 2012 iilius
551 1943 761 2012 bibliothecae
780 1945 872 2013 libris
891 1946 1035 2013 incendio
1050 1944 1189 2013 deletum
1203 1963 1271 2012 esse
1284 1949 1372 2029 puto.
1388 1982 1431 1994 -
1445 1945 1491 2012 vi
1505 1949 1573 2014 Dc

442 2059 712 2126 aleatorium.
742 2057 836 2124 huius
864 2057 938 2123 libri
967 2057 1089 2124 codices
1116 2057 1270 2141 quotquot
1296 2057 1422 2123 exstant
1449 2076 1486 2123 er
1511 2075 1573 2126 uuo

442 2169 573 2236 alterius
594 2169 736 2236 iumiliae
750 2169 916 2253 archetypo
930 2166 1170 2253 interpolatione
1184 2167 1224 2234 ab
1235 2167 1356 2252 origiue
1370 2166 1574 2252 degenerante

429 2259 607 2364 ¹propagati
634 2279 716 2344 sunt.
742 2297 815 2344 nam
841 2278 918 2359 quin
943 2277 1038 2343 codex
1051 2276 1238 2343 Perisionsis
1263 2274 1369 2343 13047
1385 2276 1454 2364 (D),
1480 2296 1573 2361 quem

443 2387 591 2471 conplura
610 2388 727 2470 scripta
746 2387 819 2454 iude
838 2387 1087 2470 transsumpsisse
1101 2406 1196 2472 supra
1207 2407 1240 2472 p.
1255 2385 1350 2452 XXII
1365 2385 1439 2467 dixi,
1463 2387 1575 2474 etipse

444 2499 485 2564 ed
496 2499 577 2566 huuc
589 2495 745 2584 ommam
760 2499 876 2576 redeat,
891 2499 925 2564 in
935 2501 1024 2564 teuto
1038 2515 1184 2565 uotorum
1199 2498 1412 2582 falsumque
1426 2517 1574 2566 consensu
1633 2524 1636 2530 ·

442 2607 576 2672 dubium
599 2627 659 2674 uon
684 2609 741 2673 est.
764 2593 798 2672 iu
819 2607 1034 2674 emendatione
1047 2607 1081 2672 id
1095 2609 1241 2693 inprimis
1264 2607 1574 2674 animaduertendum

444 2719 500 2803 est,
522 2717 603 2800 quod
625 2717 761 2783 editores
775 2735 881 2784 omnes
896 2717 1015 2802 fugisse
1030 2718 1164 2797 mireris,
1184 2719 1333 2784 libellum
1347 2736 1487 2785 sermone
1498 2719 1574 2783 uul-

443 2827 511 2912 gari
531 2827 742 2910 oouscriptum
755 2845 832 2907 esse,
853 2828 941 2894 cuiue
954 2827 1092 2912 nesdgia
1106 2826 1290 2894 oblitterata
1303 2829 1339 2893 iu
1352 2827 1574 2895 recentioribus

443 2935 600 3003 codicibus
625 2936 882 3004 mmdesteeimo
905 2935 998 3003 modo
1019 2937 1053 3001 in
1074 2936 1133 3002 hoo
1156 2937 1249 3002 modo
1271 2937 1383 3002 inille
1405 2935 1574 3018 antiquiori

442 3046 602 3131 apparent,
618 3045 708 3112 uolut
718 3045 748 3112 A
760 3045 835 3128 99,6
852 3045 1010 3128 duplicem
1024 3065 1063 3112 ac
1074 3047 1239 3130 peculum
1253 3048 1375 3138 miesco
1389 3048 1573 3127 aarum,

445 3156 562 3236 101‚18
583 3156 628 3222 od
642 3158 850 3224 meantiorcm
870 3157 1012 3223 mum
1034 3157 1088 3239 (ci.
1103 3158 1203 3242 97‚8),
1226 3159 1345 3239 100,10
1364 3179 1386 3224 u
1401 3158 1452 3223 elci
1470 3177 1575 3224 seruos

443 3265 534 3352 louge
547 3267 591 3333 sit
603 3267 734 3334 acicme
750 3265 803 3356 (ci.
822 3268 956 3349 103‚17;
977 3268 1090 3348 99,18;
1113 3269 1232 3355 1022),
1253 3270 1329 3354 993
1343 3269 1400 3336 sut
1413 3287 1575 3336 comum

442 3375 635 3461 multifonui
654 3396 794 3459 uuam,
817 3376 933 3458 101‚14
953 3395 985 3442 ec
1004 3377 1173 3461 dcuouuut,
1191 3384 1402 3460 parentorum
1420 3379 1576 3463 ocigiacm

442 3487 638 3553 ceuceu
652 3487 705 3571 (ci.
721 3487 833 3568 98‚14;
856 3488 967 3567 100‚9;
990 3488 1101 3568 94‚10;
1118 3490 1238 3572 97,13).
1253 3527 1296 3538 -
1312 3489 1374 3556 Vll
1388 3493 1457 3558 Dc
1471 3493 1574 3557 duo-

444 3601 521 3666 lnoa
541 3600 755 3666 mentttus
776 3597 899 3680 (sucu
922 3607 961 3666 et
976 3599 1107 3682 stou).
1128 3598 1181 3666 hic
1203 3600 1359 3667 tractatus
1373 3601 1407 3668 et
1421 3602 1482 3669 duo
1502 3622 1574 3686 pro-

442 3711 520 3776 ximi
534 3711 623 3777 nulls
637 3711 700 3777 elia
711 3712 749 3777 de
760 3712 894 3777 carmin
907 3711 1036 3776 ulterius
1056 3711 1198 3777 familiae
1213 3711 1429 3778 collectionem
1444 3731 1573 3797 operum

443 3821 697 3907 Cypriauicorum
717 3822 833 3906 recepti
853 3840 919 3889 esee
939 3822 1097 3902 uidentur,
1112 3841 1208 3907 quam
1223 3823 1297 3905 quia
1311 3823 1505 3890 celeberrimi
1519 3842 1573 3890 er-

443 3934 570 4000 stabant
591 3932 738 4017 Cypriani
760 3934 816 4000 Ad
838 3931 1016 4008 Quirinum
1037 3931 1113 3998 libri
1134 3933 1232 4017 uulgo
1252 3933 1419 4000 Adeamus
1438 3934 1575 4000 ludaeos

442 4043 595 4126 inscripti.
622 4043 783 4128 archetypi
808 4042 1024 4128 iutegritatem
1050 4043 1147 4108 etiam
1171 4041 1203 4108 in
1224 4043 1275 4109 his
1298 4043 1433 4110 oeder'd
1455 4043 1574 4127 optime

443 4155 598 4234 seruauit;
621 4173 717 4238 quere
741 4174 812 4221 eum
834 4153 992 4238 imprimis
1015 4152 1206 4236 sequendum
1228 4171 1296 4220 esee
1317 4156 1425 4220 statui.
1450 4174 1485 4219 ea
1499 4173 1573 4221 uero

441 4263 608 4351 integritus
622 4265 656 4330 in
670 4267 807 4332 mactatu
822 4263 1005 4331 Deductae
1023 4265 1183 4331 auruleus
1201 4265 1446 4334 oabbulistarum
1460 4265 1574 4332 delira·
