4012 5056
423 419 444 504 8
904 419 1090 489 Appendix.

421 577 516 636 tetum
530 575 654 638 otiosum
669 575 826 652 negotium,
846 576 933 638 immo
947 594 1034 653 quam
1055 577 1181 653 turpiter
1199 579 1442 655 ignomimosumt
1470 581 1558 654 huuc,

420 675 549 753 iuquam,
563 677 728 739 memoriter
737 679 829 738 totam
840 673 938 754 eduini
952 679 1068 753 genens
1083 679 1209 741 sobolem
1222 685 1435 757 computantem
1450 686 1481 743 ot
1495 682 1559 744 sine

420 779 530 841 offensa
543 780 620 842 huuc
634 781 729 842 locum
743 797 848 856 magna
867 779 1023 842 uelocitate
1042 781 1231 856 referentem,
1257 785 1391 858 putentes
1411 783 1521 846 christi
1535 784 1564 846 si

419 897 565 958 perrogas,
586 882 690 956 nesmt,
712 883 764 942 aut
783 881 926 945 infelicior
946 883 973 944 si
993 883 1059 944 scit.
1082 899 1167 958 quem
1182 882 1209 944 si
1224 902 1324 946 rursus
1337 901 1487 962 perrogem
1503 903 1561 962 quo

419 985 456 1044 ad
475 984 549 1044 illud
569 985 766 1058 spectaculum
779 983 883 1044 itinere
904 985 1078 1067 peruenerit,
1093 985 1279 1046 confitebitur
1292 1003 1343 1062 per
1362 988 1577 1062 lupanarium,s

418 1101 471 1162 por
489 1085 711 1162 prostitutarum
732 1085 811 1146 nuda
832 1101 958 1160 corpora,
973 1103 1026 1161 per
1039 1085 1180 1146 lubricam
1195 1086 1355 1161 libidinem,
1369 1104 1422 1162 per
1436 1089 1559 1149 dedecus

417 1187 577 1263 publicum,
602 1204 655 1262 per
679 1188 830 1262 uulgarem
850 1187 1012 1262 lumniam,
1039 1205 1090 1262 per
1113 1206 1290 1250 communem
1308 1190 1435 1251 omnium
1456 1195 1557 1251 contu·

417 1289 543 1350 molium.
566 1289 613 1350 cui
628 1291 734 1348 utnon
748 1287 871 1350 obiciam
886 1288 1099 1364 quodlortasee
1114 1290 1266 1363 commisit,
1282 1289 1357 1352 uidit
1370 1294 1470 1352 muron
1483 1289 1559 1366 quod

418 1389 654 1452 committendum
678 1407 737 1452 nou
762 1389 819 1451 fuit
844 1393 875 1451 et
902 1393 1001 1452 oculos
1026 1392 1063 1451 sd
1088 1390 1268 1453 idololotrise
1289 1394 1485 1468 spectaculum
1505 1408 1556 1468 per

416 1490 569 1553 libibiuem
583 1492 680 1552 duxit:
696 1508 784 1552 ausus
798 1508 894 1551 secum
909 1495 1041 1552 sanctum
1055 1493 1087 1552 in
1100 1492 1222 1568 lupanar
1232 1494 1344 1568 ducere,
1359 1494 1386 1554 si
1401 1495 1590 1568 potuissetis

416 1593 468 1670 qui
489 1593 632 1654 festinans
652 1594 690 1653 ad
709 1593 907 1668 spectaculum
930 1593 1069 1655 umerus
1088 1611 1105 1654 e
1129 1593 1268 1655 dominico
1288 1597 1319 1655 et
1338 1597 1434 1656 adlruc
1455 1612 1558 1671 perans

417 1711 514 1756 secum
538 1697 574 1755 ut
597 1695 704 1755 assolet
729 1693 933 1754 eucharistiam
965 1695 1042 1756 iuter
1067 1713 1186 1769 corpora
1210 1696 1351 1757 obscoene
1374 1697 1557 1758 meretricum

416 1793 526 1856 Christi
551 1799 684 1855 emotum
709 1811 813 1868 corpus
837 1795 963 1857 infidelis
989 1797 1046 1856 iste
1066 1797 1246 1856 circumtulit
1270 1794 1338 1871 plus
1363 1797 1557 1858 damnationis

422 1897 543 1958 meritos
556 1897 592 1958 ds
606 1897 709 1957 itinere
723 1913 809 1971 quam
824 1897 859 1957 de
874 1896 1031 1972 spectaculi
1043 1896 1203 1972 uoluptate.

387 2004 408 2063 6
464 2000 521 2060 sed
548 2001 583 2059 ut
611 1999 649 2060 ad
685 2015 785 2060 scenae
812 1997 871 2058 iam
900 1998 976 2060 sales
1009 1999 1215 2060 inuerecuudos
1251 1999 1406 2060 mmsitum
1442 1998 1592 2072 isthmos

415 2101 505 2176 pudet
537 2099 643 2162 referre
664 2100 747 2174 'quse
776 2100 927 2174 dicuntur,
962 2101 1053 2176 pudet
1081 2101 1169 2161 etiam
1197 2117 1332 2163 accusare
1359 2117 1433 2176 quae
1462 2100 1555 2175 flunt,

413 2205 649 2276 argumentorum
683 2202 834 2276 strophae,
869 2201 1064 2263 adulterorum
1092 2201 1243 2276 fallacias,
1276 2202 1429 2263 mulierum
1458 2203 1554 2278 impu·

414 2303 545 2376 diddas,
581 2303 717 2364 scurriles
751 2303 841 2376 iocos,
874 2303 1017 2379 parasitos
1052 2304 1202 2377 sordidos,
1236 2303 1316 2378 ipsos
1354 2320 1466 2380 quoquo
1501 2321 1555 2379 pe·

413 2409 475 2466 tres
503 2405 631 2464 familias
651 2407 767 2480 togatos
788 2407 871 2466 modo
898 2406 1029 2478 stupidos
1056 2407 1139 2466 modo
1161 2407 1330 2476 obscoenos,
1359 2406 1390 2464 in
1420 2405 1554 2466 omnibus

413 2506 551 2577 stolidos,
587 2505 675 2565 certis
703 2505 868 2566 nominibus
903 2507 1116 2566 inuerecundos.
1150 2509 1181 2566 st
1209 2523 1274 2565 cum
1302 2504 1377 2564 nulli
1404 2505 1587 2572 hominumn

413 2609 466 2669 aut
499 2605 597 2681 generi
632 2609 684 2667 eut
712 2587 947 2680 professioni'eb
980 2607 1119 2682 improbis
1152 2607 1210 2667 isto
1245 2622 1374 2668 sermone
1407 2609 1552 2681 parcatur,

414 2709 451 2769 ab
476 2708 608 2769 omnibus
632 2711 730 2769 tamen
756 2709 793 2768 ad
818 2707 1011 2782 spectaculum
1042 2709 1221 2770 conuenitur.
1255 2723 1402 2769 commuue
1427 2707 1551 2768 dedecus

413 2811 540 2872 delectat
571 2809 707 2870 uidelicet
739 2811 787 2870 uel
820 2825 1020 2884 recognoscere
1051 2809 1111 2870 otia
1142 2810 1189 2870 uel
1217 2809 1336 2869 discere.
1372 2809 1552 2870 concurritur

482 3017 499 3071 1
516 3015 643 3086 turpiter]
661 3015 740 3084 torpe
757 3017 785 3069 et
802 3013 845 3068 Ze
981 3013 1193 3084 ignominiosum
1210 3015 1239 3068 Ζ
1242 3053 1249 3078 ,
1267 3029 1322 3070 non
1339 3013 1461 3068 ociosum
1476 3027 1513 3083 sp

281 3109 284 3115 ’
412 3101 538 3160 2totum
554 3115 654 3170 equum
670 3114 687 3154 r
759 3099 866 3155 Bhunc
883 3098 973 3154 locum
989 3115 1035 3168 sp,
1052 3099 1199 3169 spectaculi
1216 3113 1277 3154 cum
1294 3098 1338 3153 Ze
1410 3097 1551 3168 parentes]

413 3186 504 3256 partes
521 3199 559 3254 rp
669 3183 690 3241 4
706 3199 832 3254 perrogas
848 3199 894 3254 sp,
911 3197 1068 3254 praerogem
1085 3185 1114 3238 Ζ
1223 3182 1282 3254 aut]
1299 3184 1332 3238 ut
1349 3183 1392 3238 Za
1505 3183 1549 3237 in·

412 3269 519 3325 felicius
539 3269 582 3324 Ze
656 3268 760 3339 eiecit]
779 3269 819 3324 sit
834 3271 863 3324 et
879 3269 947 3324 scire
958 3269 1001 3325 Ze
1075 3269 1163 3338 quem]
1181 3267 1255 3337 quod
1271 3269 1315 3324 Zc
1383 3283 1518 3324 rursum

413 3369 555 3424 prorogem
571 3370 616 3424 rp.
633 3369 787 3424 praerogem
804 3353 847 3410 Ze
940 3353 1054 3424 tilludl
1072 3352 1183 3422 aliquod
1200 3356 1226 3408 Ζ
1315 3352 1462 3421 spectaculi
1479 3368 1515 3421 rp

410 3440 572 3508 lupanarum
588 3439 643 3507 Zp,
660 3438 785 3508 luparum
796 3454 830 3494 ea
898 3438 915 3492 6
930 3439 1012 3508 poseo
1029 3453 1076 3507 per
1093 3453 1145 3492 coa
1164 3439 1192 3492 Ζ
1258 3435 1389 3493 lubricam
1406 3438 1440 3503 Z,
1458 3435 1551 3506 publi·

410 3541 470 3585 cam
487 3543 550 3594 opo,
567 3523 689 3580 urbicam
704 3524 770 3592 fort.
873 3523 909 3579 10
925 3539 1005 3579 ausus
1023 3526 1066 3578 ost
1083 3523 1109 3578 Ζ
1211 3524 1344 3593 sanctum]
1363 3508 1423 3593 spur
1435 3508 1491 3578 sim
1503 3538 1549 3591 rp,

410 3608 508 3664 christi
525 3625 621 3680 corpus
638 3607 712 3678 quod
728 3611 770 3663 est
785 3591 842 3664 sc'ffi
858 3608 886 3663 Ζ
992 3608 1163 3676 lupanarium
1182 3626 1202 3676 μ
1306 3608 1339 3662 11
1356 3607 1488 3663 demissus
1502 3624 1551 3676 op,

410 3692 511 3748 amisso
524 3690 1354 3764 Z;‘posedimneostoeompcoecaceomomoc.'noslese
1422 3692 1550 3756 eom.Z;

410 3777 578 3834 edominieo
594 3795 646 3836 cm.
664 3794 682 3834 o
749 3779 787 3849 et]
804 3778 909 3832 ueniret
926 3777 1010 3832 otiam
1028 3779 1057 3832 Ζ
1193 3778 1228 3833 lli
1245 3779 1277 3832 ut
1294 3779 1393 3834 assolet
1415 3793 1468 3834 om.
1487 3778 1514 3832 Ζ

410 3863 735 3918 13oh1isti...oircum
753 3876 876 3934 om.rpo
956 3861 990 3917 14
1011 3861 1158 3918 deitinere
1176 3878 1257 3931 quam
1275 3877 1399 3934 ossrpo
1477 3876 1551 3931 speo-

410 3948 506 4018 taculi]
524 3947 623 4003 itinere
639 3946 706 4003 add.
723 3947 749 4002 Ζ
869 3946 903 4001 15
920 3945 956 4001 ad
972 3961 1008 4002 sc.
1026 3945 1082 4000 iam
1100 3947 1170 4002 sales
1187 3962 1232 4018 ψ,
1250 3946 1283 4003 de
1300 3948 1353 4002 hoc
1369 3963 1405 4002 sc.
1424 3947 1551 4016 inquina-

411 4035 504 4087 mento
520 4033 564 4086 Zo
643 4031 820 4088 inuerecundo
838 4033 893 4086 ism
911 4032 954 4086 Zo
1041 4032 1074 4085 l'l
1093 4034 1322 4104 argumentorum]
1341 4033 1516 4102 agentiumo

409 4115 444 4172 19
461 4119 491 4171 et
507 4119 616 4186 togatos
634 4117 662 4170 Ζ
745 4117 857 4172 obsenos
875 4121 917 4187 p¹,
934 4116 1052 4171 scenicos
1070 4117 1097 4172 Ζ
1182 4117 1221 4174 20
1236 4118 1317 4172 certis
1333 4115 1487 4173 nominibus
1504 4131 1551 4185 sp,

409 4203 440 4258 in
458 4201 582 4256 omnibus
599 4201 643 4256 Ze
770 4203 804 4257 21
822 4201 858 4256 ab
874 4216 926 4257 eos.
944 4203 972 4256 Ζ
1102 4201 1286 4272 improborum
1303 4201 1418 4258 istorum
1436 4202 1479 4258 Zo

408 4287 445 4342 23
462 4285 591 4343 uidelicet
606 4301 656 4358 sp,
675 4287 766 4342 uidero
783 4288 824 4342 Zo
951 4287 1009 4343 otia
1025 4301 1062 4359 sp
1069 4287 1084 4353 ¹,
1101 4285 1172 4342 uitia
1188 4287 1270 4360 Zp²a
1287 4287 1306 4346 1.
