4014 5056
458 355 547 404 XXVI

458 491 737 576 grammaticarum
751 489 918 554 materiam
931 488 1137 572 proponentes
1148 485 1342 555 Schuchardt
1352 486 1436 574 (Der
1455 487 1593 555 Volcatio·

456 619 529 668 meu
546 600 601 666 des
623 599 864 684 Voipiirloteios
877 601 962 682 Lips.
980 599 1073 666 1867.
1096 597 1194 685 1868)
1215 600 1248 664 et
1261 597 1385 664 Rbnscb
1407 599 1511 678 (ltotu
1524 601 1593 664 arrd

465 711 603 795 Voipcto
613 709 776 796 llarburgi
789 711 897 792 1869),
911 709 991 776 bano
1001 708 1215 792 qaaestionem
1225 727 1286 774 non
1297 708 1479 794 attigerunt.
1497 728 1592 792 quare

456 821 491 888 in
516 821 701 904 recipiendis
726 819 893 905 scripturis
918 819 1086 886 incertiora
1110 821 1262 903 quasdam
1288 819 1411 886 cautiru
1432 821 1466 887 in
1489 819 1591 886 medio

457 931 661 1016 relinquenda
682 949 777 1014 quam
799 929 966 997 audentius
987 929 1224 1013 corruptissima
1244 949 1384 1014 quaeque
1403 933 1437 996 et
1457 930 1593 997 insoleu-

457 1043 581 1110 tissima
593 1041 729 1108 mammo
744 1041 881 1126 genuina
895 1039 1038 1107 habenda
1053 1058 1119 1107 asae
1133 1041 1253 1122 putaui.

832 1343 979 1464 Caput
1009 1342 1217 1443 alterum.

296 1621 445 1674 mmm
551 1590 644 1657 'Idbri
659 1592 866 1674 manuscripti
881 1612 943 1676 qua
957 1596 1077 1661 ratione
1092 1595 1133 1659 ad
1144 1594 1296 1678 epistulas
1311 1595 1512 1680 castigandae
1526 1597 1591 1662 sint

322 1697 413 1742 ΝΜ·
458 1699 636 1782 adhibendi,
658 1718 718 1766 nou
739 1704 844 1784 potest
865 1722 928 1769 una
949 1705 1018 1789 lege
1041 1721 1119 1787 quae
1136 1703 1171 1769 in
1185 1721 1291 1768 omnes
1312 1704 1405 1770 cadat
1426 1706 1587 1786 constitui,

453 1829 528 1876 uam
549 1811 632 1893 quod
653 1812 692 1876 de
710 1812 779 1877 toto
795 1810 943 1895 Cypriani
965 1831 1089 1896 corpore
1110 1814 1177 1878 dixi
1198 1814 1323 1896 propter
1345 1814 1588 1899 amplitudinem

454 1921 670 2004 particulatim
696 1937 763 1987 esse
789 1921 992 2004 descriptum,
1017 1922 1052 1988 id
1074 1923 1193 1990 dehac
1218 1925 1307 2008 parte
1333 1943 1427 2006 quam
1453 1926 1589 1991 maxime

453 2029 548 2096 ualet.
571 2031 711 2097 omnium
732 2048 806 2098 uero
827 2031 1036 2114 epistularum
1050 2051 1127 2116 ques
1143 2032 1315 2119 Cyprianus
1330 2035 1446 2119 partim
1461 2035 1588 2117 scripsit

452 2140 570 2223 partim
596 2141 716 2226 aceepit
736 2142 789 2209 uel
813 2160 891 2225 quas
912 2143 1048 2209 aliorum
1070 2145 1135 2210 suis
1158 2144 1275 2210 litteris
1296 2145 1440 2224 subiecit,
1465 2146 1587 2211 nullam

452 2271 602 2334 umquam
622 2253 780 2319 exstitisse
802 2253 959 2343 integram
978 2254 1192 2320 collectionem
1208 2273 1280 2319 cum
1295 2272 1332 2318 er
1346 2254 1500 2320 librorum
1515 2272 1588 2320 con·

454 2361 575 2428 dicione
609 2365 762 2446 quotquot
796 2349 889 2430 hodie
918 2364 953 2429 in
982 2363 1181 2430 bibliothecis
1211 2366 1420 2444 asscrnantar,
1455 2383 1588 2446 quorum

453 2471 560 2538 nullus
583 2491 699 2554 omnes,
722 2474 815 2558 pauci
837 2473 963 2542 easdem
984 2475 1152 2540 immutato
1173 2473 1289 2552 ordine,
1309 2474 1362 2540 bic
1377 2476 1434 2540 ille
1447 2475 1590 2560 singulas

453 2581 603 2664 epistulas
635 2583 685 2648 bis
719 2583 907 2663 contmeant,
943 2585 1014 2650 tum
1049 2583 1121 2649 inde
1158 2585 1240 2668 quod
1273 2585 1491 2669 angustinum
1526 2584 1591 2670 (De

451 2690 607 2774 baptismo
621 2697 731 2759 conto
745 2693 938 2760 Donatistae
953 2694 1009 2775 VI,
1026 2695 1077 2775 16,
1092 2695 1148 2782 25)
1164 2693 1198 2760 in
1213 2713 1271 2760 sua
1285 2695 1406 2781 sylloge
1421 2696 1589 2778 epistulam

454 2803 505 2883 72,
527 2823 606 2886 quae
625 2805 753 2887 quidem
767 2807 801 2870 in
815 2825 848 2870 re
863 2807 902 2872 ab
917 2806 974 2872 illo
994 2806 1131 2872 tractata
1150 2822 1211 2870 non
1230 2804 1349 2870 nullius
1364 2807 1413 2870 eet
1426 2808 1589 2884 momenti,

451 2931 513 2980 non
534 2913 689 2980 inuenisse
704 2933 741 2981 ex
755 2915 881 2982 silentio
904 2915 972 2982 eius
992 2916 1124 2995 mactat,
1151 2916 1201 2982 sat
1221 2915 1305 2980 certo
1326 2915 1497 3000 colligitur.
1524 2916 1590 2981 for·

451 3024 534 3089 tuito
550 3025 703 3109 epistulae
713 3029 808 3110 prout
819 3027 934 3092 artiore
944 3028 997 3092 uel
1008 3043 1210 3109 personarum
1222 3027 1273 3091 uel
1284 3043 1390 3091 rerum
1401 3026 1453 3090 uel
1466 3028 1589 3110 tempo-

451 3153 523 3199 rum
548 3133 675 3201 uinculo
702 3138 791 3201 erant
816 3155 946 3202 conexae
973 3136 1007 3202 in
1032 3137 1158 3220 singula
1183 3135 1428 3219 congerebantur
1453 3154 1589 3218 corpora,

453 3262 532 3328 quae
550 3244 660 3312 deinde
674 3247 791 3312 sensim
805 3247 840 3312 in
854 3245 1022 3329 ampliores
1038 3247 1233 3312 collectiones
1248 3245 1404 3312 abienmt.
1427 3266 1501 3313 cum
1516 3265 1589 3313 uero

455 3372 562 3421 eorum
587 3356 641 3440 qui
667 3375 719 3423 eas
745 3357 953 3423 instituebant
978 3355 1131 3424 iudicium
1156 3376 1261 3422 rerum
1287 3355 1420 3440 singulis
1444 3357 1590 3440 epistulis

451 3465 660 3532 tractatarum
680 3467 732 3533 uel
755 3468 949 3535 cohaerentia
963 3469 1016 3534 uel
1032 3467 1189 3554 grauitate
1203 3467 1403 3550 potissimum
1418 3471 1588 3553 regeretur,

452 3575 524 3641 inde
544 3576 609 3642 iam
629 3576 750 3644 factum
773 3579 831 3659 est,
853 3580 891 3644 ut
905 3580 1028 3645 multae
1042 3579 1171 3645 leuioris
1185 3581 1364 3664 argumenti
1379 3579 1540 3664 neglectae
1556 3579 1589 3644 in

452 3687 561 3768 paucis
586 3687 712 3755 tantum
736 3689 895 3756 codicibus
917 3709 974 3757 nec
995 3691 1099 3756 aetate
1120 3709 1177 3756 nec
1198 3689 1382 3776 integritate
1403 3691 1588 3775 insignibus,

453 3797 568 3878 quibus
596 3798 824 3884 inuestigandis
852 3801 993 3868 multum
1022 3799 1140 3867 laboris
1166 3801 1198 3866 et
1222 3801 1372 3884 temporis
1402 3801 1589 3883 consumpsi,

453 3906 626 3994 latitarent,
640 3909 746 3995 itaque
760 3911 930 3995 paullatim
945 3913 1008 3979 alio
1022 3911 1127 3978 codice
1137 3913 1209 3996 post
1219 3911 1318 3978 alium
1330 3913 1451 3995 reperto
1462 3913 1590 3978 uniuer-

455 4036 508 4083 sas
523 4019 730 4102 epistularum
745 4039 894 4087 numeras
910 4022 1100 4088 editionibus
1113 4022 1336 4105 publicaretur.
1362 4041 1442 4105 quae
1457 4041 1529 4088 cum
1542 4022 1591 4087 ita

453 4129 528 4210 sint,
549 4131 596 4197 rei
616 4131 743 4197 criticae
764 4129 959 4199 factitandae
978 4133 1059 4199 ratio
1081 4133 1129 4199 eet
1145 4133 1281 4198 maxime
1301 4133 1444 4216 inpedita
1457 4151 1513 4198 nec
1526 4151 1591 4198 una

459 4241 631 4325 disputatio
653 4242 707 4308 sed
729 4242 778 4308 tot
800 4243 878 4325 quot
899 4243 1033 4310 discerni
1054 4245 1185 4328 possunt
1206 4244 1412 4327 epistularum
1432 4245 1538 4328 partes
1554 4261 1591 4309 ex
