4012 5066
807 413 855 469 nd
879 412 1112 471 Nepotianum
1130 431 1152 472 c.
1171 415 1259 470 6-10
1558 422 1600 486 59

460 589 535 632 nunc
558 571 715 634 Nouatiani
737 571 794 632 inm
817 589 875 633 non
898 571 1056 633 christiani
1077 531 1199 647 primam
1220 574 1307 633 tidem
1329 576 1457 633 uestram
1482 573 1601 646 perfidia

459 671 616 744 posteriore
637 687 690 746 per
710 670 836 731 nominis
858 671 1080 745 appellationem
1101 671 1247 744 mutastis,
1281 671 1371 732 uelim
1399 688 1475 732 nunc
1496 688 1600 746 propo·

458 773 558 833 sitioni
580 776 695 833 uestrae
717 773 922 846 respondeatis
945 774 1033 848 legite
1056 777 1086 834 et
1107 775 1206 834 docete
1229 792 1313 848 quem
1333 773 1475 836 Dominus
1497 775 1532 834 de
1554 777 1601 834 his

458 875 509 948 qai
531 892 563 935 ss
585 874 797 950 dereliquerant
811 875 859 934 uel
873 877 1059 949 negauerant,
1082 890 1146 936 eum
1161 875 1256 936 adhuc
1270 875 1333 950 ipse
1353 879 1440 948 esset,
1464 875 1599 950 negauit:

438 978 540 1050 eatqni
562 981 592 1038 et
613 978 718 1038 ceteris
741 979 792 1052 qui
824 994 920 1039 secum
953 982 1151 1039 remanserant
1173 980 1209 1039 de
1237 978 1390 1053 discipulis
1411 979 1470 1038 ait:
1505 996 1601 1039 narn·

459 1078 546 1152 qnid
573 1079 611 1138 et
638 1095 701 1139 noe
730 1079 853 1138 uultis
874 1078 948 1138 irel
982 1079 1100 1140 Petrum
1123 1079 1210 1140 etiam
1233 1096 1318 1154 quem
1339 1084 1511 1154 negaturum
1533 1081 1601 1140 ante

457 1179 656 1252 praedixerat,
689 1196 754 1239 cnm
787 1183 938 1254 negasset,
971 1181 1034 1254 ipse
1063 1196 1122 1240 non
1142 1181 1279 1254 negauit,
1310 1182 1362 1240 sed
1383 1179 1539 1254 sustinuit,
1572 1185 1603 1240 et

458 1297 555 1341 amare
577 1282 661 1342 illum
682 1299 765 1342 snam
786 1282 967 1357 negationem
987 1283 1105 1343 flentem
1126 1283 1189 1357 ipse
1211 1283 1395 1358 postmodum
1416 1282 1499 1342 lenit.

502 1383 648 1453 Quaenam
671 1385 717 1442 est
739 1385 801 1456 tua,
823 1383 993 1455 Nouatiane,
1016 1384 1170 1455 dementia,
1192 1386 1226 1442 ut
1248 1383 1301 1443 illa
1323 1400 1396 1457 qnae
1419 1384 1455 1442 ed
1477 1383 1628 1443 exitinmll

424 1485 564 1546 rosulntie
596 1485 763 1558 pertineant
795 1487 909 1545 tantum
939 1485 1020 1560 legas
1053 1488 1084 1544 et
1105 1501 1178 1560 quae
1201 1486 1240 1544 ad
1271 1484 1496 1546 misericordiam
1518 1502 1603 1559 prae·

458 1590 553 1648 teneas
575 1586 718 1646 clamante
740 1587 885 1661 scriptura
907 1590 938 1647 et
959 1586 1087 1646 dicente:
1117 1586 1387 1660 paenitentiam
1409 1587 1512 1660 agite
1541 1587 1602 1660 qni

459 1690 614 1762 erratis,
637 1688 908 1750 conuertimini
930 1689 1046 1761 corde,
1069 1691 1099 1748 et
1122 1689 1278 1749 seeundum
1300 1703 1412 1762 quoqne
1432 1688 1601 1764 prophetam

458 1791 593 1851 similiter
615 1792 817 1852 exhortantem
845 1792 875 1850 et
894 1791 1052 1850 dicentem:
1076 1793 1113 1849 et
1133 1788 1403 1850 conuertimini
1426 1790 1470 1848 ad
1491 1805 1543 1847 ms
1564 1789 1603 1846 in

458 1893 667 1953 totocorde
698 1894 825 1952 nestro
853 1891 890 1950 in
912 1890 1050 1952 ieiunio
1073 1893 1109 1951 et
1135 1892 1348 1965 ploratione
1371 1893 1407 1948 et
1434 1888 1602 1962 planctu:

425 1996 497 2055 raet
517 1995 682 2053 scindite
705 1994 818 2053 corda
839 1995 968 2053 nestra
990 1996 1026 2051 et
1047 2009 1116 2052 non
1137 1991 1388 2052 uestimenta:
1418 1991 1602 2051 conuerti-

460 2091 550 2153 mini
571 2095 615 2153 ad
637 2093 826 2154 Dominum
848 2093 957 2152 Deum
980 2095 1160 2153 uestrum.
1190 2092 1363 2166 quoniam
1385 2090 1603 2151 misericors

460 2197 521 2254 eet
541 2197 578 2253 et
599 2193 802 2256 miserator
824 2198 863 2255 et
884 2194 1024 2254 multae
1045 2193 1318 2253 miserationis.

504 2297 585 2356 Adeo
600 2296 670 2370 qnia
688 2296 797 2357 multae
818 2296 1011 2357 miserationis
1026 2300 1071 2358 est
1085 2296 1227 2356 Dominus
1246 2295 1421 2366 audiuimus,
1447 2292 1597 2353 audiamus
1609 2290 1651 2349 10

463 2397 534 2472 quid
556 2413 608 2472 per
633 2398 729 2457 Dauid
755 2400 932 2458 contestatur
957 2397 1077 2472 spiritus
1104 2400 1240 2458 sanctus:
1272 2393 1304 2458 si
1328 2393 1604 2470 dereliquerint

427 2497 543 2564 rutilii
576 2499 658 2558 sius
690 2497 807 2572 legem
839 2514 950 2559 meam
977 2500 1071 2559 etin
1104 2498 1291 2558 mandatis
1324 2489 1413 2557 meis
1444 2514 1512 2556 non
1535 2514 1601 2555 am-

464 2599 684 2659 bulanerint
713 2602 750 2660 et
781 2600 812 2659 si
847 2599 1148 2662 iustificationes
1180 2617 1276 2661 meas
1310 2597 1601 2673 proianauerint

463 2711 500 2762 et
521 2705 721 2775 praecepta
743 2718 820 2762 mea
846 2718 915 2762 non
943 2703 1212 2776 custodierint,
1242 2702 1410 2763 uisitsbo
1434 2700 1470 2759 in
1491 2698 1601 2772 uirga

462 2802 633 2863 facinora
655 2818 775 2862 eorum
797 2805 832 2862 et
854 2803 889 2862 in
911 2802 1088 2878 flagellis
1116 2804 1261 2865 delicta
1290 2819 1425 2863 eornm:
1458 2801 1599 2861 miseri-

462 2903 628 2964 cordiam
656 2907 778 2964 autem
799 2921 914 2964 meam
934 2922 1004 2965 non
1026 2905 1239 2980 dispergam
1262 2907 1305 2964 ab
1327 2905 1392 2964 eis.
1424 2905 1471 2963 his
1493 2903 1601 2963 similia

428 3008 494 3065 sset
508 3020 559 3079 per
574 3004 753 3065 Ezechielem
768 3005 891 3080 legimus
906 3005 1013 3066 dixisse
1025 3006 1193 3078 Dominum
1210 3005 1274 3065 iili
1288 3005 1458 3076 hominis,
1474 3006 1601 3064 domus

463 3105 584 3167 Israel
616 3105 811 3167 habitauit
848 3123 956 3181 snper
988 3109 1125 3167 terram
1158 3124 1277 3178 suam,
1310 3111 1347 3168 et
1385 3105 1601 3180 coinquina-

463 3208 598 3266 ueruut
636 3223 711 3266 eam
750 3205 990 3267 iecinoribus
1026 3208 1114 3268 suis.
1158 3209 1257 3269 sicut
1299 3207 1472 3268 mulieris
1509 3223 1600 3266 men·

463 3309 634 3370 struatae
655 3308 758 3369 fecta
779 3311 836 3370 est
856 3309 1082 3370 inmunditia
1102 3327 1222 3371 eorum
1245 3314 1329 3372 ante
1343 3310 1473 3370 taciem
1488 3325 1601 3370 meam

532 3505 607 3560 ero.
626 3505 652 3568 e,
669 3505 712 3560 ee.
793 3505 827 3559 11
845 3465 889 3559 m.
909 3506 950 3571 re,
968 3506 1011 3561 eo.
1092 3505 1366 3571 ramleram.
1442 3508 1476 3562 re
1494 3507 1538 3560 m.
1556 3505 1600 3570 ee,

465 3588 578 3644 er-ee.
657 3588 693 3644 ns
710 3588 757 3643 m.
776 3589 819 3654 ee,
838 3590 949 3644 ue-ee.

532 3774 685 3829 2nominie
702 3774 832 3829 mutuatis
849 3775 947 3840 uelum,
966 3775 1146 3845 propositioni
1164 3776 1216 3831 Er.
1287 3775 1404 3844 equam
1423 3775 1456 3829 K
1522 3777 1599 3830 dat·

462 3859 669 3929 qni1anqniaK
682 3877 701 3914 n
720 3875 791 3915 eras.
867 3861 939 3917 dire
956 3862 994 3928 K,
1012 3862 1121 3918 abires
1195 3861 1342 3917 8illamo
1417 3860 1536 3931 flentem]
1555 3861 1600 3916 lle-

461 3943 545 3998 tuK
611 3943 751 4000 laenitK
821 3947 1204 4016 9udilldt1sessnffl⁸K
1283 3945 1436 4002 ofitumK
1510 3947 1600 4002 1210·

462 4029 579 4084 cnndnm
596 4031 703 4101 repe,
720 4016 833 4087 eundem
850 4031 888 4098 K,
907 4030 1031 4088 eodem
1133 4032 1300 4102 prophetae
1398 4031 1601 4086 remorantem

462 4114 506 4178 K,
523 4115 716 4170 exhortantes
786 4115 919 4172 dicentes
987 4121 1115 4175 storeae
1185 4119 1217 4172 17
1236 4120 1265 4172 et
1281 4116 1417 4182 mnlteK,
1436 4116 1568 4172 mnltaeo

464 4199 497 4254 18
514 4199 655 4255 audiemur
673 4200 707 4255 K
720 4217 741 4256 e.
761 4201 779 4255 l.
797 4205 872 4258 aar?
966 4201 1000 4257 19
1017 4201 1227 4273 derelinquerint
1245 4202 1278 4257 K
1370 4202 1403 4257 21
1422 4205 1450 4257 et
1467 4219 1517 4258 oea
1537 4203 1570 4258 K

462 4284 497 4338 22
515 4300 575 4340 mea
592 4300 643 4341 oea.
661 4285 695 4340 Κ
