4012 5066
413 348 455 416 76
893 344 1073 418 Appendia

411 504 457 564 die
471 505 649 577 pentecostes
664 503 832 578 superuenit
845 503 966 577 spiritus
981 508 1110 581 nenne,
1125 506 1273 565 uoluntate
1285 505 1340 566 Dei
1355 505 1470 580 quidem
1487 521 1543 566 non

412 621 464 664 sua
479 608 579 678 sponte
596 605 673 665 eaelo
689 605 798 680 lapsus,
816 606 868 664 sed
881 607 919 664 ad
935 605 988 664 boo
1002 604 1096 678 ipsum
1113 623 1215 665 munus
1229 605 1350 667 effusum
1365 607 1447 668 sedet
1463 623 1549 680 super

412 723 641 782 unumquemque
662 724 769 779 eorum,
786 725 850 768 eum
871 707 943 767 iusti
957 707 1150 781 iampridem,
1172 711 1206 768 ut
1226 708 1358 783 diximus,
1373 708 1547 783 baptismate

412 808 527 870 Domini
556 808 679 870 iubeent
706 809 857 883 baptizati,
884 809 959 870 sieut
978 809 1007 870 et
1027 809 1083 884 ipsi
1098 809 1230 885 apostoli,
1256 811 1306 884 qui
1330 813 1428 871 tamen
1448 827 1547 870 omnes

412 909 564 970 Dominum
588 915 670 972 neoto
692 927 749 984 qua
769 910 964 984 apprehensus
987 912 1032 971 est
1055 912 1213 972 deseruisse
1232 912 1429 984 inueniuntur,
1453 914 1483 971 et
1497 911 1569 972 iller

412 1009 474 1084 ipse
491 1010 541 1084 qui
556 1011 696 1086 gloriatus
712 1014 758 1072 est
782 1014 1033 1085 perseueratumm
1049 1029 1081 1072 oe
1096 1012 1126 1072 in
1142 1030 1194 1072 sea
1208 1012 1264 1073 fide
1279 1015 1384 1074 Petrus
1400 1017 1430 1072 et
1444 1014 1548 1074 aduer-

412 1130 462 1174 eus
485 1112 577 1187 ipsios
599 1115 713 1174 Domini
735 1115 914 1188 praediotum
939 1114 1165 1176 obstinatissime
1191 1113 1375 1189 repugnant,
1405 1117 1549 1191 postremo

412 1216 510 1274 tamen
536 1217 597 1275 tum
623 1214 718 1289 ipsum
732 1215 867 1289 negauit:
893 1217 928 1274 ut
948 1217 1003 1275 hee
1027 1216 1136 1276 ratione
1155 1217 1352 1278 ostenderetur
1371 1217 1455 1278 nobis
1475 1233 1548 1289 quae

335 1387 337 1390 ¹
413 1317 508 1375 medie
529 1319 656 1390 tempero
675 1332 789 1390 quoquo
813 1317 896 1376 medo
910 1318 1110 1377 contraxerant
1124 1316 1238 1389 debete,
1261 1317 1361 1378 eedem
1377 1318 1448 1376 haee
1462 1318 1492 1377 in
1507 1317 1550 1377 eis

413 1417 469 1476 iiie
492 1419 672 1490 postmodum
694 1419 807 1476 sineere
826 1433 878 1491 per
899 1417 1043 1491 baptisma
1064 1419 1183 1492 spiritus
1203 1419 1296 1478 saneti
1317 1436 1375 1479 non
1389 1419 1473 1478 dubis
1488 1436 1585 1480 essere

416 1517 543 1578 dimissa.
567 1535 619 1579 neo
641 1519 711 1589 ulla,
732 1521 765 1577 ut
786 1522 866 1592 puto,
889 1517 948 1578 alia
962 1535 997 1577 ex
1011 1534 1098 1578 musa
1112 1517 1236 1594 apostoli
1249 1519 1298 1579 hie
1312 1536 1384 1593 ques
1399 1521 1429 1578 in
1445 1519 1551 1594 spiritu

413 1625 512 1682 saneto
533 1621 759 1694 adloquebantur
780 1622 988 1696 praeceperant
1008 1621 1041 1679 ut
1056 1621 1086 1680 in
1108 1621 1221 1682 nomine
1242 1620 1350 1681 Christi
1373 1622 1439 1681 Iesu
1454 1622 1552 1695 bapti·

414 1726 555 1795 narentur,
576 1724 633 1783 nisi
653 1723 722 1798 quie
745 1723 839 1784 uirtus
864 1722 988 1784 neminie
1003 1721 1070 1782 Iesu
1085 1737 1169 1796 super
1183 1739 1387 1798 quemeumque
1403 1723 1550 1784 bominum

413 1824 585 1899 baptismate
613 1825 746 1883 inuooata
769 1824 807 1882 ai
821 1823 949 1884 ¹salutem
969 1823 1181 1897 maenium
1201 1839 1257 1882 non
1279 1825 1419 1884 moiieam
1434 1840 1552 1896 proero-

413 1923 540 2002 gatiuam
563 1927 590 1985 ei
611 1926 661 2000 qui
684 1926 878 1998 baptizaretur
899 1926 1046 1998 praestare
1071 1925 1178 1999 posset,
1199 1924 1285 1984 noeti
1305 1925 1409 1984 Petrus
1432 1925 1463 1983 in
1477 1925 1584 1986 eetisre

414 2029 607 2103 apostolorum
633 2031 749 2086 enarret
776 2026 890 2087 diesne:
924 2042 990 2086 nso
1011 2026 1107 2086 enim
1128 2027 1232 2085 alind
1253 2029 1311 2086 est
1337 2043 1464 2087 nomen
1486 2027 1551 2086 sub

414 2129 516 2190 eaelo
539 2129 631 2203 qued
653 2129 777 2187 datum
799 2131 855 2188 est
878 2127 1111 2200 bominibus,
1142 2127 1180 2186 in
1207 2145 1273 2201 que
1303 2129 1451 2201 opertet
1479 2128 1551 2186 sal·

414 2248 481 2292 uos
503 2230 518 2290 i
522 2230 591 2290 ieri
613 2212 688 2289 nesJ
709 2228 785 2289 sieut
807 2230 894 2290 etiam
908 2227 1055 2302 apostolus
1071 2229 1179 2289 Paulus
1194 2228 1288 2301 aperit
1302 2229 1466 2300 ostendens,
1483 2227 1552 2301 quia

415 2331 511 2392 Deus
549 2331 735 2392 exultauit
772 2332 868 2391 Iesum
904 2329 1056 2391 Dominum
1084 2333 1213 2392 nestrum
1241 2333 1278 2390 et
1306 2330 1460 2390 donauit
1488 2329 1552 2388 iili

415 2451 540 2496 nemen
577 2433 619 2492 ed
648 2433 714 2493 hoe
743 2435 784 2492 ut
811 2434 863 2492 sit
891 2449 1003 2506 super
1039 2447 1138 2492 omne
1173 2447 1315 2504 nemen,
1353 2432 1393 2490 ut
1421 2431 1458 2490 in
1493 2447 1588 2490 uro-eo

415 2536 508 2596 mine
542 2533 627 2595 Iesu
663 2550 784 2594 omnee
817 2549 936 2608 genua
974 2536 1128 2594 enruent
1164 2529 1387 2592 caelestium
1416 2533 1452 2591 st
1481 2532 1554 2591 ter·

414 2635 589 2697 restrium
618 2639 653 2696 et
682 2635 931 2708 infernorum,
963 2637 998 2694 et
1027 2635 1141 2694 omnis
1170 2633 1295 2706 lingua
1324 2632 1552 2692 confiteatur

416 2740 499 2815 quia
528 2740 698 2801 Dominus
729 2743 785 2801 est
813 2742 916 2802 Iesus
945 2739 982 2798 in
1008 2739 1129 2814 gloria
1157 2739 1285 2813 petris,
1315 2743 1346 2800 et
1370 2739 1422 2798 ille
1444 2737 1475 2797 in
1498 2756 1554 2814 qne

415 2861 479 2904 eum
494 2842 690 2915 baptizaretur
705 2843 870 2903 innotatum
881 2845 958 2902 esset
970 2843 1000 2901 in
1010 2842 1124 2903 nomine
1135 2842 1212 2913 Iesu,
1226 2841 1296 2901 lieet
1306 2841 1338 2900 in
1350 2839 1448 2914 aliquo
1460 2855 1554 2900 errore

414 2947 644 3018 ooneequeretur,
666 2945 763 3004 tamen
777 2945 946 3017 quandoque
966 2960 1023 3004 nen
1043 2943 1243 3018 prohiberetur
1262 2945 1373 3003 rentum
1402 2957 1503 3016 sapere
1517 2945 1549 3002 et
1557 2954 1583 2996 ee

416 3061 540 3105 errorem
561 3061 643 3105 suum
664 3045 808 3118 eorrigere
831 3047 861 3107 et
879 3047 917 3104 ad
937 3044 1087 3106 eoelesism
1106 3049 1137 3105 et
1157 3045 1192 3106 ai
1212 3044 1377 3120 episeopum
1404 3045 1502 3105 uenire
1523 3047 1553 3103 et

415 3146 566 3208 sinceriter
587 3145 717 3207 confiteri
738 3146 834 3207 iesum
848 3149 978 3207 nestrum
993 3163 1088 3207 eorem
1104 3145 1276 3220 bominibus,
1302 3149 1335 3206 ιιι
1351 3149 1420 3207 tune
1436 3163 1501 3206 oum
1516 3144 1553 3206 ab

415 3248 546 3325 episeopo
561 3249 588 3308 ei
601 3266 702 3309 manus
716 3248 920 3324 imponeretur,
936 3249 1024 3309 etiem
1039 3248 1174 3323 spiritum
1184 3251 1314 3311 sanetum
1326 3249 1482 3323 eoeiperet,
1501 3265 1553 3310 nee

415 3350 624 3412 moneationem
645 3351 727 3411 iliam
744 3350 898 3425 pristinam
922 3351 1044 3411 neminie
1065 3350 1133 3411 iesu
1152 3351 1306 3424 amitteret,
1331 3367 1420 3425 quam
1446 3349 1551 3410 nomini

415 3455 545 3514 nostrum
558 3451 629 3512 lieet
643 3453 789 3524 damnare,
804 3470 893 3528 quum
906 3453 978 3513 hese
1000 3453 1077 3513 nuda
1091 3455 1120 3513 et
1134 3451 1290 3528 singularis
1306 3453 1332 3514 si
1348 3452 1379 3512 in
1394 3467 1489 3512 errore
1504 3452 1580 3512 sitae

416 3555 573 3616 eonstituta
594 3573 650 3616 non
670 3559 769 3630 poseet
792 3556 829 3614 ad
843 3555 967 3616 salutem
981 3557 1184 3629 praestandam
1197 3553 1337 3628 suffieere,
1352 3570 1389 3615 ne
1406 3555 1460 3613 hae
1474 3555 1546 3614 rati-

487 3789 521 3844 16
537 3789 598 3843 set.
615 3789 640 3853 4,
660 3791 702 3884 12.
808 3791 842 3844 19
861 3789 932 3844 Phil.
951 3789 977 3854 2,
994 3790 1090 3844 9-11.

486 3961 619 4016 totiusne
637 3962 708 4017 eunt
728 3961 819 4016 meeio
837 3963 899 4030 quie
980 3960 1091 4030 3iustil
1109 3961 1157 4015 isti
1175 3959 1244 4016 eeae'.
1263 3959 1325 4031 Rip.
1410 3958 1554 4014 bdomine

419 4047 480 4118 Rip.
654 4047 672 4100 8
689 4051 750 4100 tum
772 4047 871 4117 iprum]
896 4062 957 4100 eum
980 4046 1064 4100 etiam
1080 4046 1227 4110 Batonius,
1244 4047 1286 4099 ter
1302 4045 1392 4114 ipsum
1410 4044 1481 4098 root
1501 4043 1550 4099 Ri-

417 4133 521 4204 peite‘ue
600 4133 741 4203 iquoque
760 4132 825 4202 nep.
906 4131 940 4187 10
957 4132 1090 4186 sineerata
1108 4131 1169 4202 Rip.
1251 4130 1284 4185 12
1302 4130 1532 4200 praeruperant..

418 4216 620 4286 baptizarentur
638 4233 689 4272 one.
708 4216 771 4288 Rip.
878 4217 1022 4272 renarrat
1040 4216 1101 4288 Rip.
1205 4215 1240 4272 30
1255 4215 1280 4269 ri
1297 4231 1348 4270 ona
1368 4214 1428 4285 Rip.
