4000 5066
430 308 495 373 262
903 301 1086 373 Apponde.

431 481 536 524 nouum
546 467 751 526 testamentum
762 463 936 523 confirmare.
952 461 1110 522 sicutenim
1122 461 1284 522 audiuimus
1295 461 1429 535 angelum
1441 461 1562 522 Daniele

431 566 554 626 dixisse:
577 565 820 625 confirmabit
841 566 1102 624 testamentum
1117 562 1246 624 multis
1268 563 1462 622 hebdomas
1483 579 1561 622 una.

432 667 469 725 et
490 667 526 725 in
548 666 718 738 dimidio,
734 667 837 740 inquit,
860 665 1097 725 hebdomadis
1112 665 1305 725 auferetur
1320 681 1432 726 meum
1447 664 1561 724 sacri·

432 767 561 828 licium
583 771 619 827 et
641 767 787 828 libatio.
810 767 957 827 dimidium
982 771 1077 828 autom
1102 767 1288 828 hebdomadis
1308 769 1423 841 tempus
1445 769 1475 825 et
1488 767 1561 825 tem-

432 885 502 944 pora
517 872 547 930 et
561 869 710 929 dimidium
736 870 872 943 temporis
897 869 1037 929 ostendit:
1065 871 1140 942 qnod
1165 871 1209 928 est
1236 869 1389 928 triennium
1407 869 1437 928 et
1451 885 1583 927 menscss

432 989 492 1044 ser,
507 972 557 1045 qni
573 975 642 1031 sunt
657 972 719 1033 dies
734 973 888 1032 secundnm
903 971 1095 1047 Apocalypsin
1109 972 1189 1031 mille
1204 971 1306 1031 ccix.
1329 971 1360 1030 in
1382 971 1485 1044 quibua
1500 969 1561 1030 die-

431 1074 486 1132 bas
507 1073 558 1134 ille
575 1073 762 1134 antichristus
776 1091 908 1148 magnam
930 1073 1015 1132 iaciet
1030 1074 1236 1133 uastationem:
1262 1075 1293 1133 et
1314 1072 1377 1132 idco
1390 1076 1460 1131 tunc
1482 1089 1563 1131 nemo

434 1176 660 1237 Christianorum
675 1175 782 1251 poterit
796 1176 856 1235 Deo
870 1175 1040 1236 sacrificium
1053 1175 1164 1248 offerre,
1188 1175 1322 1249 queniam
1336 1174 1398 1248 ipse
1422 1173 1564 1234 antichri-

433 1281 498 1338 stus
512 1277 631 1350 incipiet
645 1277 676 1336 in
690 1278 798 1351 templo
812 1278 865 1337 Dei
880 1278 1032 1337 consedere
1053 1280 1082 1336 et
1104 1277 1304 1352 ignorantibus
1327 1293 1359 1337 se
1374 1275 1466 1336 Deum
1480 1277 1562 1334 athr-

433 1395 527 1438 mare:
550 1395 634 1452 qoem
655 1381 769 1452 oportet
782 1379 877 1438 Iesum
891 1377 1042 1438 Dominum
1064 1381 1094 1438 et
1115 1379 1287 1439 saluatorem
1309 1380 1438 1438 nostram
1460 1376 1601 1450 spiritum

434 1480 492 1540 oris
507 1481 553 1539 sui
567 1480 726 1539 interficere
741 1482 772 1539 et
785 1480 945 1553 praesentia
958 1479 1098 1539 aduentus
1112 1479 1159 1538 sui
1174 1480 1352 1538 euacusreot
1365 1479 1469 1552 inipso
1480 1494 1564 1536 mun-

434 1584 501 1642 dum
516 1599 722 1656 consummare,
749 1581 824 1642 sicut
844 1582 981 1654 scriptum
1004 1584 1064 1641 est:
1087 1583 1123 1640 et
1145 1598 1254 1654 super
1276 1580 1371 1640 illud
1401 1581 1566 1639 sanctum

434 1684 624 1742 execratio
647 1683 915 1754 uastationem,
950 1687 1120 1756 utusque
1154 1685 1196 1742 ad
1219 1682 1566 1743 consummationem

433 1783 615 1856 temperis
654 1784 922 1843 consummatio
962 1784 1115 1843 dabitur
1158 1801 1270 1858 super
1312 1784 1405 1844 hanc
1441 1786 1562 1842 uasta-

433 1884 580 1943 tionem.
1574 1903 1599 1942 ¹⁵

384 1985 426 2043 15
482 1986 554 2044 Post
568 1987 639 2044 baec
652 1989 832 2044 reuertamur
856 1986 893 2044 ad
915 1985 971 2045 Vll
985 1989 1016 2045 st
1031 1987 1072 2046 sic
1098 1988 1134 2046 ad
1160 1987 1241 2045 LXlI
1264 1986 1465 2046 hebdomadas.
1495 2001 1567 2058 quae

434 2089 545 2159 septem
556 2087 750 2146 hebdomadae
765 2088 913 2146 continent
927 2105 1016 2147 annos
1031 2089 1186 2148 XLVIIII:
1202 2088 1306 2163 quibus
1321 2088 1462 2162 suppletis
1472 2086 1522 2146 illo
1537 2087 1567 2146 in

433 2190 561 2261 ternpore
575 2190 606 2247 et
620 2188 800 2247 Hierusalem
815 2189 948 2248 restituta
963 2191 1187 2263 cognoscebatur
1201 2193 1232 2250 et
1252 2190 1350 2264 platea
1370 2207 1422 2263 per
1444 2190 1567 2249 medinm

434 2289 497 2348 sius
513 2290 662 2350 aedificata
674 2291 907 2350 considerabatur
920 2295 949 2350 et
958 2309 1056 2351 murus
1067 2292 1097 2349 in
1108 2291 1231 2351 circuitu
1242 2292 1371 2352 ciuitatis
1385 2292 1477 2365 ipsius
1490 2307 1567 2351 erec-

432 2394 482 2450 tus
493 2393 545 2451 illa
560 2393 655 2451 omnia
671 2409 743 2464 quae
758 2393 836 2450 intus
851 2396 933 2451 erant
947 2393 1061 2453 sortitor
1076 2395 1220 2453 tuebatur.
1246 2395 1276 2452 in
1291 2412 1348 2467 que
1361 2395 1477 2452 ciuitate
1493 2397 1566 2452 tem·
1576 2413 1602 2452 sc

434 2493 514 2566 plum
528 2493 600 2551 illud
616 2493 690 2564 quod
706 2495 735 2551 in
751 2493 936 2552 similitudine
947 2494 1027 2552 Adae
1038 2494 1133 2554 luerat
1145 2497 1321 2554 destructum
1338 2495 1367 2553 in
1381 2494 1493 2553 nomine
1505 2494 1568 2552 eius

434 2593 538 2652 iterum
574 2611 626 2666 per
650 2594 744 2655 XLVI
769 2612 858 2653 annos
883 2597 928 2653 est
958 2595 1137 2656 aedificatum
1163 2599 1193 2655 et
1208 2596 1237 2654 in
1253 2599 1430 2656 sacramento
1449 2595 1568 2669 spiritus

434 2695 528 2755 sancti
543 2695 605 2754 oleo
620 2698 666 2754 est
681 2698 809 2768 unctum,
825 2698 962 2768 quemodo
978 2697 1015 2756 eb
1030 2697 1132 2769 angelo
1147 2695 1243 2756 fuerat
1257 2698 1375 2770 datum,
1393 2698 1426 2756 nt
1437 2713 1567 2755 consum·

435 2800 529 2856 metus
544 2797 618 2857 nisio
633 2800 663 2856 et
677 2797 827 2870 prophetia
838 2801 868 2857 et
878 2800 1039 2872 ungneatur
1051 2801 1181 2858 sanctum
1192 2801 1363 2858 sanctorum.
1376 2797 1460 2872 ipsud
1472 2800 1567 2857 autem

436 2897 492 2956 fuit
506 2901 636 2958 sanctum
650 2903 813 2959 sanctorum
828 2900 858 2958 in
874 2900 1026 2973 imaginem
1041 2901 1164 2960 hominis
1179 2905 1311 2972 unctam,
1335 2903 1410 2972 qnod
1425 2917 1489 2958 cum
1503 2901 1567 2973 ipsa
1579 2921 1605 2962 as

435 3000 552 3058 ciuitate
568 3017 619 3073 pro
635 3001 805 3060 infidelitate
821 3001 988 3060 Indaeorum
1002 3001 1039 3060 ab
1054 3002 1116 3074 ipso
1131 3002 1251 3062 Domino
1266 3005 1365 3061 nostro
1376 3003 1479 3062 iterum
1495 3005 1569 3062 tem·

436 3103 553 3175 poribus
569 3103 740 3178 Vespasiani
756 3107 801 3163 est
815 3103 1044 3164 exterminatum.
1067 3104 1108 3164 sic
1130 3105 1225 3164 luerat
1239 3104 1316 3164 enim
1332 3104 1362 3163 in
1377 3105 1474 3164 codem
1489 3103 1568 3178 capi-

506 3319 522 3370 1
540 3319 580 3372 sic
598 3319 707 3388 etenim]
727 3319 798 3373 sicnt
815 3337 830 3374 c
949 3320 1057 3374 danielo
1075 3322 1100 3386 b,
1117 3337 1134 3374 a
1152 3319 1290 3375 ‹lanielcc
1392 3321 1410 3374 2
1427 3324 1456 3374 ct
1472 3319 1569 3373 conflr-

436 3403 555 3456 rnauitc
681 3406 699 3458 6
716 3405 764 3472 qni
781 3407 845 3458 sunt
861 3406 966 3474 scriprst
985 3407 1046 3473 qais
1064 3407 1088 3470 b,
1106 3407 1154 3474 qui
1171 3405 1243 3460 liunt
1260 3423 1292 3462 cc
1415 3405 1569 3474 apocalypsi

435 3489 464 3542 in
482 3489 499 3542 b
602 3489 619 3542 8
636 3489 815 3543 antichristus
833 3491 857 3554 b,
875 3490 1054 3559 nequissimus
1072 3507 1103 3545 cc
1205 3492 1222 3546 9
1240 3490 1332 3546 sedere
1349 3507 1380 3546 cc
1482 3489 1568 3544 dorni·

435 3589 500 3626 nnm
518 3590 547 3628 en
565 3575 582 3628 b
739 3575 773 3628 10
790 3575 938 3644 dominnm]
958 3577 1089 3630 christum
1108 3592 1123 3630 c
1286 3575 1501 3630 tornationis
1520 3591 1535 3628 c

437 3658 470 3710 14
487 3660 515 3710 et
533 3673 646 3727 supere
802 3660 836 3712 16
853 3659 928 3728 haec]
945 3661 1031 3714 boob
1184 3659 1273 3728 LXII]
1291 3659 1392 3713 LXXII
1410 3661 1433 3723 b,
1451 3657 1523 3712 LXX
1541 3661 1570 3712 et

435 3741 536 3797 duaec
656 3742 692 3798 20
709 3742 856 3798 tuebantur
874 3744 889 3798 b
1004 3745 1038 3798 21
1057 3744 1299 3799 similitudincmc
1413 3744 1535 3798 ominec

435 3828 471 3880 22
488 3843 536 3897 por
546 3867 552 3879 .
563 3869 570 3882 .
581 3868 587 3881 .
599 3828 770 3883 aedificatum
789 3846 839 3883 orn.
858 3846 874 3884 c
1020 3832 1248 3884 sacramentumc
1396 3830 1431 3884 23
1448 3845 1569 3884 consum·

435 3915 555 3967 rueretur
573 3929 588 3968 c
762 3915 798 3969 24
815 3914 946 3984 propbeta
963 3915 988 3980 b,
1006 3915 1163 3985 prophetiae
1181 3932 1197 3970 c
1368 3916 1501 3984 angeatur
1519 3914 1535 3967 b

436 4001 579 4054 sanctusc
672 3999 761 4069 ipsum
783 4001 819 4054 W
910 4000 1240 4070 ‘lbnnctum1uictnmc
1342 4001 1376 4055 26
1394 4015 1441 4070 pro
1463 3999 1508 4064 W,
1525 4013 1572 4067 por

436 4085 461 4147 b,
478 4101 539 4138 curn
558 4101 573 4140 c
711 4087 745 4140 27
764 4087 804 4140 sic
821 4087 909 4141 lucret
925 4087 1007 4157 enim]
1026 4089 1157 4156 quomodo
1176 4091 1204 4142 ct
1221 4087 1311 4142 iuerat
1329 4104 1344 4141 c
1486 4085 1571 4139 eunde

436 4171 588 4238 capituloc
