4016 5054
486 339 550 406 198
957 336 1140 406 Αρροιιᾱίι.

484 495 609 556 metim
621 497 722 557 cuncta
733 495 848 556 illorum
859 495 1010 571 quisquam
1021 513 1052 556 so
1063 495 1181 571 implora
1193 497 1339 568 ἰιοιιιιιοι,
1346 512 1392 556 me
1400 497 1494 555 brnen
1504 493 1614 554 nullius

485 597 603 657 suadela
616 600 729 672 poterat
743 597 890 676 inclinare,
912 599 945 656 ut
954 596 1028 658 alios
1038 613 1115 656 nuno
1121 597 1265 672 apostolo
1275 597 1418 658 crederem
1432 599 1531 656 contra
1541 611 1613 670 apo-

485 698 1612 773 stoliPauliprolessionem:numquid,inquitomuesapostoli?nuru·

484 802 571 876 quid
586 819 707 862 omnes
722 802 947 877 prophetas?
963 801 1347 875 ucnnsmammpamrese
1362 799 1454 876 ipsum
1470 802 1613 862 amussst

484 905 542 964 Deo
554 905 604 978 qui
618 905 676 964 ait:
691 905 801 977 pater
815 903 930 964 maior
952 921 1003 962 me
1017 906 1082 976 est,
1105 907 1157 964 aut
1171 903 1196 962 si
1211 903 1333 977 apostoli
1351 919 1505 977 coaequare
1519 905 1637 962 aneos

483 1005 563 1080 ipsos
574 1005 637 1066 ausi
649 1009 717 1065 sunt
728 1005 852 1077 christo,
865 1008 954 1066 otnos
965 1004 1049 1066 bodie
1060 1005 1197 1079 apostolis
1208 1005 1342 1080 aequales
1353 1005 1441 1065 facim
1452 1004 1612 1064 consimilis

484 1106 633 1166 fortitudo.
662 1108 767 1168 misera
780 1107 956 1178 hnmanitas,
972 1108 1002 1166 in
1016 1107 1071 1166 bac
1088 1107 1261 1180 aequelitato
1277 1124 1332 1166 nou
1347 1107 1433 1166 times
1453 1106 1611 1178 fulminari,

483 1209 533 1284 qui
547 1211 583 1269 os
598 1208 658 1270 lilio
671 1209 726 1271 Dei
740 1211 792 1269 aut
805 1209 841 1270 do
856 1208 926 1268 filiis
941 1209 1062 1270 tonitrui
1076 1225 1133 1268 non
1147 1209 1290 1269 conoturis
1304 1208 1430 1284 peccatis
1440 1209 1501 1268 tuis
1514 1225 1610 1269 exem·

484 1311 534 1383 pla
548 1310 628 1370 uelut
643 1310 750 1370 similia
763 1313 916 1370 mutuare?
945 1328 1008 1370 cum
1035 1311 1183 1385 superbiae
1199 1311 1239 1369 sit
1254 1311 1332 1369 elata
1346 1309 1500 1382 iactantia,
1522 1310 1611 1370 stiam

484 1412 611 1472 minimis
625 1412 761 1473 ccclesiae
777 1429 946 1488 quemquam
962 1412 1170 1487 comparabilem
1186 1410 1262 1472 uelle
1278 1411 1429 1485 conscribi,
1453 1429 1516 1472 oum
1530 1412 1608 1473 Pau·
1619 1427 1649 1467 ro

482 1514 529 1572 lus
540 1514 797 1573 moueatetdioat:
813 1515 913 1573 alter
927 1513 1085 1573 altorum
1106 1515 1333 1588 superiorem
1352 1514 1611 1573 existimantes

484 1613 568 1674 sibi.
598 1617 629 1673 ot
653 1615 775 1674 inferius
796 1615 909 1675 addidit
934 1615 1046 1676 diceus:
1069 1615 1291 1676 hocsentite
1313 1615 1353 1675 de
1386 1615 1492 1675 uobis
1514 1616 1611 1690 quod

483 1718 519 1776 et
547 1715 749 1776 inchristo
765 1717 864 1788 Iesu,
888 1719 1047 1791 quicum
1070 1717 1611 1778 inlormalieiessstoonsti·

482 1820 604 1890 tutus,
638 1835 707 1878 non
730 1817 898 1891 rapinam
932 1819 1145 1879 arbitratus
1174 1824 1230 1879 est
1258 1837 1337 1880 esee
1359 1836 1396 1878 ss
1418 1819 1610 1893 aequalem

481 1916 578 1990 Deos
607 1919 670 1977 sed
697 1922 810 1978 semet
835 1919 953 1993 ipsum
987 1918 1199 1979 exinaniuit
1230 1919 1377 1980 formam
1415 1919 1514 1980 serui
1551 1935 1649 1978 ιιι-ιι

482 2019 634 2093 cipisns

442 2129 484 2187 22
527 2121 624 2180 lliuus
649 2122 750 2196 utique
777 2122 811 2180 de
837 2123 945 2182 nostris
971 2123 1082 2183 uiribus
1097 2124 1278 2183 sentiendum
1293 2127 1352 2197 est,
1378 2121 1609 2182 neofortitudiui

483 2227 645 2284 sauctorum
672 2228 770 2285 nostra
795 2225 951 2286 infirmitas
978 2226 1167 2298 comparanda
1181 2229 1241 2298 est,
1269 2227 1343 2285 siout
1364 2226 1446 2286 nobis
1461 2224 1609 2299 apostolus

483 2325 594 2384 Paulus
609 2327 643 2384 ds
659 2327 750 2386 semet
765 2327 828 2400 ipso
844 2327 1041 2402 magisterium
1056 2328 1188 2401 proponit
1202 2330 1232 2386 et
1246 2328 1333 2387 dicit:
1351 2327 1527 2387 nonenim
1550 2344 1609 2385 au-

482 2426 622 2498 demus,
644 2427 753 2503 inquit,
774 2445 989 2502 comparare
1018 2447 1083 2489 uos
1112 2431 1174 2489 aut
1203 2429 1650 2503 conferrequibusdamuo

482 2529 543 2603 qui
566 2545 602 2588 so
625 2529 725 2602 ipsos
747 2530 1016 2600 commendant,
1040 2531 1104 2589 sud
1127 2530 1201 2604 ipsi
1224 2530 1258 2589 iu
1281 2530 1390 2589 nobie
1413 2529 1507 2602 ipsis
1528 2547 1610 2589 uos·

482 2633 554 2690 mat
580 2630 679 2705 ipsos
700 2631 808 2690 nobis
830 2633 1142 2692 commendantes:
1172 2650 1242 2691 uon
1264 2649 1374 2706 supra
1406 2648 1610 2692 mensuram

482 2731 696 2805 gloriantes
718 2734 782 2792 sod
803 2734 846 2791 ad
868 2750 1075 2793 mensuram
1098 2733 1243 2806 gloriae
1266 2751 1368 2806 quam
1389 2733 1496 2792 uobis
1518 2749 1610 2791 meu·

482 2850 546 2892 sus
567 2835 624 2892 est
645 2833 749 2894 Dens.
772 2837 803 2894 at
819 2834 894 2894 enim
909 2835 1134 2909 contemplamur
1145 2837 1218 2908 quod
1231 2835 1292 2908 ipse
1304 2836 1406 2894 iturum
1419 2835 1507 2894 dixit:
1522 2834 1611 2908 plns

482 2935 622 2994 abillis
638 2935 999 3006 omnibnslaboraui,
1015 2935 1086 2994 nibil
1104 2937 1216 3006 molius,
1231 2935 1304 2994 nihil
1317 2937 1412 3010 aptius
1424 2937 1495 2995 mihi
1506 2953 1609 3011 propo·
1620 2947 1648 2989 aa

481 3036 577 3108 nitur,
603 3037 676 3095 nudo
693 3037 819 3108 uincam,
835 3037 892 3097 nisi
907 3041 940 3096 ut
954 3039 989 3096 do
1004 3038 1077 3111 ipso,
1094 3038 1129 3096 do
1144 3055 1199 3111 quo
1215 3036 1286 3096 milri
1308 3038 1528 3110 praescribitur,
1556 3055 1610 3112 ego

482 3138 544 3213 ipse
558 3137 758 3212 praescribam.
787 3141 863 3198 certe
877 3139 940 3214 ipse
955 3139 1022 3214 plus
1040 3140 1077 3198 ab
1092 3138 1222 3200 omnibus
1237 3123 1395 3210 laborauit,
1411 3141 1440 3197 et
1460 3141 1557 3198 terum
1573 3139 1611 3198 ad

481 3239 615 3300 mulieres
629 3241 882 3301 circumducendae
897 3240 1024 3316 collegas
1040 3259 1107 3301 suos
1122 3241 1231 3302 imitari
1246 3240 1434 3312 contremuit,
1457 3258 1496 3300 ne
1519 3257 1549 3300 se
1573 3239 1610 3300 ad

549 3473 598 3527 31
616 3474 674 3527 Cor.
693 3474 736 3540 12,
754 3474 795 3528 29.
1003 3473 1075 3528 510.
1095 3475 1136 3537 14,
1153 3474 1196 3527 28.
1398 3475 1429 3528 11
1448 3474 1521 3528 Phil.
1540 3474 1565 3536 2,
1584 3473 1610 3527 3.

482 3559 516 3613 12
533 3559 604 3614 Phil.
622 3559 647 3624 2,
665 3559 743 3613 5-7.
848 3559 928 3613 1911
947 3559 1005 3615 Cor.
1026 3560 1066 3622 10,
1086 3559 1127 3612 12.
1230 3559 1296 3614 241
1315 3559 1372 3614 Cor.
1392 3560 1433 3623 15,
1453 3559 1494 3614 10.

552 3784 566 3836 1
584 3781 686 3836 nullius
708 3782 778 3836 Gus
795 3798 817 3836 a.
835 3782 853 3834 1.
1014 3782 1078 3836 ise
1095 3782 1183 3851 ipsum
1202 3797 1353 3850 comparare
1370 3799 1386 3836 c
1548 3783 1565 3835 6
1582 3785 1612 3836 et

481 3883 532 3922 om.
551 3885 569 3922 o
721 3867 822 3922 facito
970 3867 1122 3920 consimiles
1144 3867 1176 3921 0¹
1325 3867 1342 3920 8
1360 3867 1407 3934 qui
1429 3867 1458 3930 0,
1476 3883 1577 3934 quaec

481 3953 615 4007 9mutari
637 3953 670 4007 0¹
785 3953 816 4006 11
834 3951 889 4006 eibi
907 3952 1126 4006 existimantsso
1236 3951 1267 4004 17
1286 3949 1382 4020 utiquo
1403 3951 1431 4015 0,
1450 3951 1576 4020 itaquae

481 4037 515 4091 18
532 4036 609 4091 uobis
627 4055 661 4093 ca
677 4053 727 4092 nos
748 4038 862 4093 Om.2
964 4035 1000 4090 23
1017 4036 1119 4104 gloriae
1140 4037 1169 4100 0,
1188 4037 1327 4106 gratiaco
1430 4036 1465 4090 24
1483 4035 1517 4090 ad
1538 4035 1611 4090 onim

485 4123 515 4187 0,
533 4122 668 4176 otonimo
770 4124 894 4192 ipsuum.
913 4139 930 4177 o
1037 4122 1073 4176 26
1089 4121 1263 4191 perscribitur
1285 4122 1319 4176 0¹
1424 4122 1456 4175 27
1475 4122 1532 4191 ipse
1550 4121 1614 4191 plna

482 4207 518 4261 ab
534 4206 657 4262 omnibus
678 4207 707 4272 0,
723 4207 785 4277 plus
803 4207 926 4262 omnibus
943 4207 1001 4277 ipse
1019 4225 1036 4262 o
