4000 5066
459 471 524 536 274
932 470 1114 540 Appendia

459 628 560 701 nolo,
591 629 700 704 inquit,
735 631 776 690 de
804 627 974 689 manibus
996 629 1138 689 nestris
1166 625 1377 701 sacrificis,
1412 627 1589 702 quianon

459 732 626 792 uenistia
648 734 692 794 ed
714 751 764 794 me
787 733 1003 794 cnmhostie
1020 731 1161 795 mande.
1184 731 1349 806 quietique
1364 731 1489 792 boetiem
1505 747 1588 790 mun·

459 833 525 892 dam
540 850 598 893 non
612 833 709 906 offert,
724 835 822 894 hostie
836 835 871 896 ‹le
886 835 1018 896 menibus
1033 835 1096 895 eins
1110 850 1167 894 non
1181 833 1320 895 escendit.
1342 849 1409 894 nem
1423 833 1530 894 iterum
1544 833 1587 892 le-

459 933 569 1009 gimus:
600 935 636 996 in
669 935 856 1011 principio
878 940 959 998 eret
980 937 1132 996 uerbum
1158 937 1196 996 et
1216 935 1366 996 nerbnm
1393 937 1475 996 eret
1495 935 1590 1011 epod

458 1037 569 1098 Deum
590 1039 737 1098 otilone
758 1041 836 1099 eret
857 1040 1016 1099 uerbum.
1032 1039 1083 1113 qui
1093 1055 1144 1112 per
1154 1037 1274 1098 nerbnm
1284 1036 1610 1099 finctionemflnxerints

457 1139 526 1199 dare
539 1156 587 1200 res
602 1139 808 1200 inhabitabiles
821 1141 898 1216 apud
908 1141 977 1200 illos
988 1157 1039 1200 een
1053 1157 1139 1200 neres
1153 1139 1314 1214 scripturas
1328 1142 1443 1200 senctes
1471 1157 1522 1200 see
1532 1139 1589 1198 fln-

456 1245 520 1303 ctee
535 1242 585 1315 qni
600 1243 651 1302 dat
661 1260 759 1304 uocem
768 1245 799 1302 et
812 1243 863 1316 qui
877 1244 928 1302 dat
942 1243 1085 1303 desideria
1099 1244 1236 1316 proxime,
1251 1241 1302 1317 qni
1314 1242 1413 1317 ntique
1424 1241 1516 1316 linget
1526 1244 1588 1300 tre-

456 1345 522 1406 dere
537 1345 684 1418 supplebit
698 1345 891 1406 treiiticnem.
908 1345 1010 1405 merito
1026 1347 1165 1419 negantes
1186 1346 1319 1405 nolumus
1341 1344 1458 1404 interim
1473 1343 1587 1404 neniam

455 1445 562 1506 habere
583 1445 752 1506 confitentes
767 1447 874 1521 petrea.
897 1463 965 1506 nem
991 1447 1042 1521 qui
1071 1445 1141 1507 dicit
1168 1463 1200 1506 ae
1215 1447 1375 1521 scripturas
1389 1463 1447 1508 non
1469 1447 1586 1518 bebere,

455 1547 555 1622 utique
569 1549 688 1621 paretes
702 1547 760 1608 mic
774 1550 805 1608 et
819 1549 957 1623 torqueri,
973 1565 1093 1623 qnorum
1108 1551 1243 1624 exempla
1257 1549 1407 1610 habemns.
1431 1549 1518 1609 tertio
1533 1565 1585 1608 ne·
1596 1567 1623 1607 ro

456 1654 607 1725 generunt,
633 1654 663 1712 et
677 1655 890 1712 sacramentnm
917 1669 975 1712 non
989 1651 1181 1713 tradiderunt.
1205 1652 1236 1712 bi
1251 1655 1347 1713 eutem
1361 1651 1412 1727 qni
1427 1669 1481 1712 nec
1495 1651 1586 1711 inter·

425 1803 427 1808 .
456 1753 551 1826 rogati
563 1752 730 1813 obtulerent
743 1753 859 1814 interim
883 1771 974 1829 nsque
1000 1755 1038 1814 en
1053 1757 1161 1815 statum
1185 1755 1298 1816 consilii
1312 1755 1380 1815 leioi
1395 1755 1586 1815 communice-

456 1854 539 1914 bunt.
555 1857 750 1916 nerumtemen
765 1857 796 1916 in
812 1861 921 1918 statem
932 1856 1045 1918 consilii
1057 1857 1133 1932 qnod
1145 1857 1289 1930 scripture
1300 1859 1401 1916 aencte
1410 1857 1587 1930 promouerit

456 1957 612 2016 secundnm
627 1959 800 2018 sententiam
814 1959 901 2018 lixem
915 1960 1024 2019 senctis
1050 1960 1081 2018 et
1106 1958 1208 2019 emicis
1223 1958 1277 2018 llei
1299 1958 1428 2032 suppleri
1442 1957 1585 2028 uolumus,

457 2075 522 2118 cnm
537 2059 594 2118 iem
608 2061 699 2119 testes
713 2063 744 2120 et
758 2060 880 2134 proximi
896 2060 1006 2134 nliqnid
1020 2060 1078 2120 iem
1093 2061 1200 2120 (ludum
1215 2062 1378 2119 statuerent
1393 2059 1485 2119 nestri
1500 2061 1582 2118 ents-
1594 2079 1619 2119 re

458 2178 595 2222 cessores.
618 2163 655 2222 ob
670 2179 756 2236 quam
771 2181 831 2222 rem
846 2180 961 2224 neeesse
983 2165 1028 2222 est
1049 2160 1240 2222 nostratibus
1254 2161 1415 2222 consentire
1436 2159 1587 2236 complecti

457 2266 488 2324 et
502 2264 645 2338 supplere.
677 2268 744 2340 opto
766 2281 819 2325 noe
840 2265 870 2323 in
894 2265 1014 2325 Domino
1037 2280 1150 2336 semper
1170 2265 1243 2322 bene
1265 2262 1371 2323 ualere.
1401 2279 1494 2324 emen.
1525 2263 1586 2324 Deo

456 2366 576 2440 gratioe

455 2593 527 2656 1111.
556 2595 773 2656 ‘CYPRIANVS
802 2595 1018 2655 Bnnnmcno
1048 2595 1096 2652 ΕΤ
1123 2593 1386 2654 Dmncnlssmo
1416 2593 1586 2654 Plenam

600 2705 763 2766 'nvltsfflo
785 2707 828 2765 Ill
849 2705 998 2764 DOMINO
1019 2705 1233 2764 enimenim
1255 2704 1439 2764 SALVTEM.
1594 2728 1622 2768 ee

499 2891 636 2952 Caritatis
650 2894 718 2952 tuae
733 2892 841 2966 scripte
855 2891 986 2966 percepi,
1011 2892 1116 2966 quibus
1136 2891 1262 2950 enimnm
1283 2893 1364 2950 tunm
1385 2892 1483 2950 dolore
1506 2907 1585 2950 com-

455 2995 563 3052 motum
578 2993 613 3052 de
627 2993 703 3053 illies
718 2993 888 3054 dormitione
904 2995 1034 3068 cognomi.
1057 3011 1114 3053 non
1128 2993 1207 3052 alind
1218 2992 1417 3068 principaliter
1427 2992 1585 3050 admiratus

455 3113 519 3155 snm
534 3113 620 3170 qnam
634 3097 786 3157 christiani
800 3097 925 3172 pectoris
950 3097 981 3157 in
1007 3099 1037 3156 te
1052 3096 1189 3156 iactatam
1211 3095 1301 3156 fuisse
1324 3094 1461 3155 uirtutem
1475 3095 1510 3154 ut
1524 3095 1585 3154 ani·

455 3213 534 3256 mum
547 3197 661 3257 flexeris
676 3199 712 3257 el
729 3197 863 3258 dolorem.
894 3201 996 3272 stupeo
1011 3215 1123 3258 murum
1138 3197 1205 3256 fidei
1219 3198 1401 3272 penetratum
1416 3196 1584 3256 uulneribus

525 3397 540 3450 1
557 3395 593 3449 cl.
611 3395 655 3449 Ee.
674 3397 698 3460 1,
718 3395 762 3453 13.
865 3396 940 3451 410.
960 3398 985 3462 l,
1004 3398 1028 3450 1.

522 3581 566 3636 ed
583 3582 688 3652 plebem
706 3581 860 3653 cartaginis
878 3583 989 3653 explicit
1006 3583 1040 3638 Z.
1057 3613 1092 3624 -

523 3667 626 3737 Incipit
643 3667 678 3722 etl
701 3667 842 3724 anesium
864 3670 1050 3739 presbyterum
1068 3669 1101 3736 Ζ,
1119 3668 1161 3723 nl
1179 3668 1336 3722 'l'nraseinm
1360 3665 1537 3721 consolatorio
1554 3685 1583 3734 μ,

453 3768 504 3807 erre.
523 3769 547 3817 r,
565 3753 607 3808 Ao
624 3753 767 3807 Teresiam
794 3769 873 3822 snper
890 3757 975 3808 morte
997 3754 1070 3808 liliee
1087 3769 1152 3808 snae
1169 3753 1349 3808 consolatorie
1366 3753 1430 3807 b:
1442 3752 1582 3820 Hierony·

452 3853 513 3891 mare
531 3842 593 3891 toea
615 3838 643 3893 V
653 3854 685 3906 p.
704 3841 756 3894 405
773 3837 815 3893 sci.
834 3839 924 3895 Meri.
943 3869 976 3880 -
994 3839 1142 3908 Cyprianus
1159 3855 1211 3894 om.
1229 3839 1247 3894 b
1389 3837 1424 3892 19
1441 3835 1582 3890 benedicte

452 3925 481 3975 ot
498 3937 548 3976 cca
568 3923 595 3976 Z
696 3925 724 3978 et
741 3939 790 3978 eae
810 3939 848 3992 μν
958 3923 1145 3995 dilectissimo]
1165 3924 1354 3979 dulcissimos
1456 3921 1492 3976 20
1511 3925 1583 3988 tyre·

453 4006 494 4061 sio
511 4007 538 4072 b,
555 4009 711 4078 tnraseiop
815 4010 844 4064 in
861 4009 887 4064 d,
906 4025 944 4065 ee.
964 4009 1088 4079 salntem]
1106 4009 1323 4080 Hieronymusb
1424 4008 1459 4062 21
1476 4007 1505 4061 in
1524 4007 1582 4076 qui·

453 4093 504 4148 bue
521 4095 539 4148 b
664 4095 698 4149 22
716 4095 907 4151 dormitatione
924 4117 945 4166 μ
1048 4095 1122 4151 elini
1140 4097 1192 4160 Za,
1209 4095 1292 4150 aliter
1308 4112 1345 4163 rp
1470 4094 1507 4148 23
1523 4109 1583 4146 eum

451 4195 504 4235 em.
523 4197 559 4250 rp
682 4181 834 4252 christiani]
852 4183 986 4236 tristisZ
1106 4181 1245 4251 iectetem]
1263 4181 1383 4236 ablatem
1401 4181 1420 4236 b
1529 4180 1583 4232 uir·

450 4265 643 4337 tutem‘jiuisse
660 4268 679 4322 b
763 4267 798 4323 24
815 4267 944 4323 afflixeris
957 4268 989 4334 Ζ,
1007 4267 1126 4323 flecteres
1142 4269 1199 4324 bct
1216 4267 1356 4324 Bolerion
1372 4266 1421 4336 qai
1439 4281 1475 4322 ec·
1491 4264 1582 4320 coaice

452 4353 583 4408 Fexcnei
605 4359 631 4409 et
654 4355 783 4410 emensi
799 4356 944 4425 epietulam
961 4354 1050 4411 edidit
1067 4356 1151 4424 (ευ)
1318 4356 1503 4422 stupeo...p.
1520 4352 1582 4416 275,

451 4440 618 4495 eicientem
636 4457 687 4496 ora.
705 4442 733 4497 Ζ
