4000 5066
869 481 1062 552 Epistulae.
1466 483 1531 549 275

393 642 544 715 orbitatis,
559 659 644 718 quem
658 641 771 716 saepire
785 641 924 701 debuerat
936 657 1002 716 spes
1016 640 1235 701 resurrectionis
1246 642 1276 699 et
1290 639 1372 716 regni
1387 639 1531 700 caelestis.

398 761 552 820 numquam
568 761 636 820 spes
651 761 715 804 oum
730 742 827 805 dolore
842 743 996 804 concordat
1009 759 1061 804 nec
1075 743 1146 803 fides
1160 742 1315 818 aliquando
1331 741 1420 804 sentit
1430 760 1532 816 qusni-

400 863 520 923 cumque
540 847 695 907 lecturam.
722 861 872 920 resurgere
892 845 1035 905 credimus
1054 848 1185 918 nostros,
1211 848 1242 905 et
1261 845 1436 920 plangimus.
1463 845 1532 918 quid

401 948 570 1022 luceremus,
592 948 705 1008 simori
720 949 915 1009 tantummodo
941 948 1003 1008 sine
1018 947 1227 1008 resurrectione
1242 945 1533 1022 praeciperemus?

379 1052 535 1112 suoluntas
550 1051 612 1111 eius
627 1050 690 1110 sola
705 1050 814 1110 subicit
828 1052 866 1109 ud
880 1051 1029 1124 solacium,
1041 1049 1088 1110 oui
1102 1048 1215 1110 nullum
1230 1048 1462 1125 praeponendum
1477 1048 1535 1108 soi·

400 1170 465 1214 mus
479 1153 623 1213 ellectum.
653 1151 730 1228 quod
753 1153 873 1214 dederat
897 1151 1005 1214 tulerat
1018 1152 1068 1227 qui
1089 1152 1246 1212 crepuerat.
1269 1150 1335 1226 quis
1348 1152 1440 1212 certet
1460 1149 1536 1210 alius

400 1255 537 1330 plangere
550 1257 626 1330 quod
640 1256 678 1314 ed
691 1257 805 1328 tempus
819 1255 991 1328 conspersit
1014 1253 1245 1314 commodauerat
1258 1255 1292 1311 ut
1306 1251 1428 1313 buberas
1442 1269 1534 1327 quau·

400 1359 553 1431 meumque
568 1357 696 1432 tempore
711 1355 854 1417 uoluisset
875 1357 906 1416 et
927 1373 992 1418 cum
1006 1355 1096 1416 uellet
1110 1373 1212 1416 rursus
1226 1353 1364 1416 suismet
1394 1354 1469 1414 nihil
1483 1355 1535 1413 ab·

401 1459 486 1520 stulit
499 1462 582 1519 tuum
595 1459 647 1533 qui
662 1459 790 1533 recipere
805 1459 1003 1534 dignatusest
1024 1456 1180 1533 proprium.
1204 1458 1346 1519 creditum
1361 1474 1445 1518 suum
1461 1458 1535 1517 reci-

363 1577 469 1637 repere
484 1562 618 1622 decuerat
631 1560 812 1634 creditorem,
828 1562 859 1622 et
872 1559 947 1620 nibil
961 1560 1041 1622 aliud
1055 1561 1137 1622 decet
1151 1577 1238 1635 quem
1254 1559 1388 1620 creditori
1402 1576 1455 1619 suo
1468 1577 1537 1634 gra·
1579 1619 1585 1631 ,

401 1662 460 1722 ties
473 1678 560 1736 agere
575 1663 766 1722 mutuantem.
782 1662 826 1724 sic
840 1662 892 1722 lob
907 1661 1032 1737 legimus
1046 1679 1132 1736 quam
1151 1678 1306 1736 sequamur
1320 1660 1536 1722 deuotissimcm

401 1781 511 1825 uocem.
541 1764 734 1838 Dominus,
764 1765 876 1839 inquit,
899 1765 1016 1836 dedit,
1040 1763 1215 1824 Dominus
1237 1763 1413 1824 abstulit.
1436 1764 1539 1824 sicut

401 1867 553 1926 Domino
575 1867 738 1941 placuit,
761 1867 815 1926 ita
835 1867 973 1926 fuctum
995 1867 1063 1928 eet.
1092 1865 1144 1926 sit
1165 1882 1294 1926 nomeu
1316 1865 1460 1926 Domini
1481 1866 1538 1927 be-

402 1968 599 2030 nedictum.
621 1986 722 2045 parum
738 1985 806 2043 ergo
820 1987 878 2030 non
892 1971 954 2030 eret
968 1969 1039 2028 haec
1054 1967 1117 2028 sols
1131 1968 1290 2028 consolatio
1306 1971 1406 2028 contre
1429 1969 1540 2029 luctum

370 2070 484 2143 requod
497 2086 580 2130 nemo
606 2071 706 2146 lugere
732 2071 835 2131 debeat
861 2087 925 2130 cum
939 2069 1049 2143 aliquid
1063 2069 1224 2130 reddiderit
1237 2069 1373 2142 alienum,
1400 2070 1469 2144 quis
1495 2071 1539 2129 fas

406 2190 465 2233 non
480 2175 544 2234 erat
559 2173 636 2248 cpud
658 2172 748 2232 alium
770 2171 891 2232 retineri
913 2171 989 2245 quod
1010 2171 1123 2232 domino
1146 2188 1198 2232 suo
1219 2171 1315 2231 fuerst
1336 2173 1540 2232 neceesarium.

327 2259 330 2264 ¹
405 2274 522 2334 edditur
537 2272 742 2334 consolationis
756 2273 815 2332 alia
828 2272 1018 2346 prouidentia,
1042 2289 1116 2346 quse
1131 2271 1234 2333 iaculis
1249 2271 1383 2332 orbitatis
1398 2279 1540 2333 occurrut.

406 2377 533 2451 gacdme
568 2375 719 2437 debuimus
757 2376 792 2435 de
828 2375 942 2436 merulo
982 2375 1198 2448 recedentibus,
1241 2375 1267 2435 si
1301 2375 1409 2435 meruli
1443 2381 1542 2438 contre

410 2494 463 2538 nos
484 2477 652 2538 inimicitiae
667 2477 855 2550 sentiremus,
882 2479 912 2535 et
928 2476 1091 2550 plangimus
1105 2474 1221 2536 Domini
1240 2475 1377 2536 beneficia
1397 2477 1446 2551 qui
1462 2478 1543 2538 uouit

376 2577 575 2638 soinflrmiiati
587 2581 702 2638 nostrae
717 2578 794 2653 quod
808 2580 947 2652 praestat.
975 2575 1132 2650 periclitari
1154 2576 1271 2637 uolebet
1293 2577 1388 2636 edhuc
1402 2578 1451 2652 qui
1466 2579 1543 2638 dolet

406 2679 532 2753 sliquem
558 2679 755 2752 dormientem,
778 2682 808 2740 et
822 2679 1016 2740 interducias
1030 2678 1108 2740 uites
1122 2679 1283 2752 praesentis
1298 2679 1397 2758 uidere
1411 2680 1543 2754 cupiebst

478 2931 511 2984 12
529 2931 579 2984 Iob
598 2932 623 2995 1,
640 2930 683 2984 21.

478 3170 496 3224 2
514 3186 666 3240 qusueuuq.
685 3187 710 3239 r,
728 3172 963 3240 quantamcunque
979 3169 998 3220 le
1089 3169 1106 3222 3
1123 3171 1230 3224 nostros
1247 3169 1311 3239 rpb,
1329 3173 1451 3224 mortuos
1469 3172 1512 3226 Ze·

409 3255 587 3310 disserimus
604 3275 624 3324 μ
733 3255 882 3324 perciperet
899 3255 932 3318 Z,
950 3239 1036 3323 pcipit
1054 3272 1074 3321 p
1184 3255 1202 3308 5
1219 3253 1278 3307 ciue
1295 3254 1391 3322 utique
1407 3256 1433 3319 b,
1451 3255 1545 3323 utiquc·

412 3341 471 3394 sius
488 3341 532 3395 Ze
634 3338 768 3393 sufficeret
785 3339 828 3404 bc,
847 3337 989 3393 suffecerat
1006 3339 1033 3392 Ζ
1134 3340 1333 3408 praeponeret
1435 3339 1544 3409 scimus]

410 3427 495 3480 simus
514 3446 544 3495 μ,
561 3425 722 3480 iubemusb
841 3425 858 3478 6
875 3423 986 3493 tulerat]
1004 3423 1121 3478 abstulit
1137 3425 1172 3478 bo
1293 3424 1355 3492 quia
1373 3426 1460 3478 certat
1476 3425 1546 3478 elius

410 3511 520 3579 scripsi,
538 3509 605 3580 qnid
623 3513 710 3564 certes
727 3509 776 3574 Zc,
793 3508 855 3577 quis
872 3510 931 3563 erut
948 3507 1019 3563 elius
1036 3525 1081 3578 rp,
1100 3507 1161 3576 quia
1178 3513 1221 3562 est
1238 3508 1322 3576 quib
1435 3509 1546 3578 lplsn-

411 3596 498 3666 gart
617 3609 756 3663 nooopems
773 3594 816 3650 Zc
935 3592 1203 3649 commendaueratr
1323 3594 1546 3663 quantocumque]

413 3696 467 3748 qno
485 3681 514 3735 Ζ
613 3680 687 3750 ser]
707 3680 775 3734 utb
878 3681 1022 3734 rursumlr
1130 3678 1275 3748 euieretp
1384 3678 1548 3748 tldignatus

412 3767 454 3820 eat
470 3765 588 3836 recipere
605 3765 781 3836 propriumb
911 3763 1218 3834 dignatus...recipere
1235 3781 1322 3818 orer
1449 3765 1484 3820 10
1500 3764 1547 3819 de·

408 3851 524 3908 cuitb.
607 3852 641 3906 12
659 3851 835 3921 deditetrp
934 3852 968 3904 13
984 3851 1129 3906 iteorm
1221 3851 1257 3905 14
1273 3851 1377 3921 parum]
1395 3867 1481 3922 perca
1497 3853 1515 3905 b

414 3937 473 3991 sols
490 3938 580 3992 oredo
701 3939 736 3992 15
754 3953 835 4006 quom
853 3953 870 3991 r
887 3942 920 3991 ut
937 3937 1004 3991 solet
1125 3933 1269 3990 crediderit
1287 3936 1314 3989 Z
1432 3935 1547 3990 ahenum

415 4022 479 4091 quia
496 4039 548 4078 om.
571 4023 599 4076 Ζ
735 4023 769 4076 16
787 4021 841 4075 erit
857 4021 885 4075 Ζ
1008 4020 1123 4075 detineri
1141 4020 1184 4076 Zo
1316 4019 1407 4075 lueret
1425 4036 1473 4074 sue
1492 4021 1518 4074 Ζ

416 4108 449 4162 11
467 4110 588 4162 occumt
604 4107 734 4162 orbitatis
751 4107 794 4161 Zc
885 4107 919 4161 18
934 4105 1060 4177 gaudere]
1078 4105 1242 4176 plangeret
1330 4103 1480 4160 recedentes
1498 4107 1516 4160 b

418 4191 451 4247 19
469 4193 630 4248 inimicitias
648 4195 742 4247 contre
758 4207 809 4246 nos
826 4191 938 4246 minime
956 4193 975 4245 lr
1111 4193 1140 4245 et
1158 4205 1210 4245 om.
1229 4191 1291 4258 er
1423 4188 1551 4244 Muefioie

416 4277 520 4332 domini
539 4277 581 4334 Zo
724 4278 811 4348 nouit]
830 4277 910 4332 nobis
928 4275 998 4347 quod
1015 4277 1136 4348 praestat
1154 4276 1196 4332 Zo
1344 4274 1380 4330 20
1396 4275 1481 4329 metri
1501 4291 1516 4327 r

416 4362 488 4432 qnod
506 4380 557 4420 ors
577 4364 619 4420 Ze
729 4366 850 4433 praestet
866 4364 893 4434 b,
912 4379 962 4420 om.
981 4365 1009 4419 Ζ
1114 4362 1148 4418 21
1166 4347 1243 4432 pr‘rtis
1261 4381 1291 4431 p,
1307 4360 1450 4432 punctisr

1275 4453 1349 4512 18*
