4012 5056
407 409 574 459 LXXXVIII

409 546 547 628 quastus,
567 546 724 610 editorum
739 545 936 629 supelleetils
949 547 1061 614 oriiim
1075 546 1243 630 prudenter
1256 549 1407 631 usurpata
1421 549 1546 616 textum

409 655 576 740 permultis
590 655 668 723 loeis
683 675 776 740 quam
793 657 889 724 cederi
904 657 1020 724 reeiius
1036 658 1212 724 constituit.
1240 657 1382 744 singulos
1397 656 1546 743 Cypriani

264 791 381 836 mass..
408 766 534 834 libellos
558 766 624 855 (De
645 767 818 834 ostiolioae
837 767 984 836 ecciesiae
1005 767 1142 848 anitum,
1166 767 1217 836 Do
1231 767 1345 852 lapsis,
1366 767 1418 835 De
1431 768 1546 835 iodim

250 859 394 916 ΜΨ·
408 878 576 962 aequom
590 878 753 963 mongus
770 877 1377 958 1aas;nonoaatom,n0oosasaa
1391 879 1545 958 oasam,

409 987 461 1054 De
474 988 679 1067 modom,
699 987 756 1053 Ad
768 985 1026 1068 Demetrium,
1048 987 1101 1054 De
1117 992 1248 1070 opereat
1262 989 1473 1071 eleemosynis,
1494 988 1546 1055 De

410 1099 487 1164 dono
501 1097 683 1180 patum
696 1102 725 1163 ei
739 1096 791 1163 Do
803 1097 869 1163 salo
882 1103 912 1164 ai
925 1098 1028 1166 liuore
1042 1099 1207 1186 uubmgae
1222 1099 1321 1186 1859)
1344 1100 1446 1166 edidii
1460 1101 1545 1168 Kra-

411 1207 525 1294 bingor
543 1210 728 1292 primusque
743 1207 928 1276 Germaniae
948 1209 1068 1277 oodioos
1082 1210 1283 1278 Monaoenses
1296 1211 1546 1296 Bamborgsnses

410 1319 685 1405 Wiroebmgenses
711 1321 857 1401 axanssii,
884 1320 980 1387 eiiam
994 1319 1190 1407 Segnieriani
1214 1320 1290 1386 libri
1310 1321 1343 1386 si
1357 1319 1545 1388 Veronensis

409 1429 536 1496 collatio
550 1430 674 1514 praesto
685 1429 757 1495 init.
773 1447 941 1512 eorumque
952 1429 1069 1495 anxilio
1078 1430 1182 1497 mulia
1192 1430 1368 1498 reoiissime
1378 1431 1546 1498 emendata

408 1540 492 1606 suni.
516 1541 571 1606 sod
594 1541 627 1605 in
648 1537 741 1608 tanis
761 1541 933 1607 leoiionnm
953 1561 990 1606 ex
1010 1541 1102 1608 libris
1125 1541 1350 1608 reosniissimis
1371 1541 1545 1625 peiiiarnm

408 1648 574 1734 farragine,
600 1669 662 1733 qua
686 1651 920 1717 adnotationem
945 1650 1104 1734 operosius
1129 1652 1320 1730 onerauerai,
1347 1670 1421 1718 enm
1446 1649 1545 1717 libros

407 1778 571 1826 numerare
596 1779 693 1843 quam
717 1759 887 1843 ponderare
913 1760 1034 1839 mallei,
1061 1759 1153 1844 plura
1177 1759 1378 1826 inemendata
1402 1760 1544 1844 reliquii

408 1870 531 1936 sentius
556 1889 623 1936 rom
648 1869 791 1936 oritioom
813 1869 974 1936 faoiiianii
996 1870 1109 1936 Ronih-
1123 1869 1158 1936 in
1180 1869 1381 1937 emendandis
1406 1870 1545 1955 quinque

408 1979 555 2064 Cypriani
576 1981 735 2064 opusculis
752 1979 886 2068 (Saepe.
907 1981 1009 2048 weles.
1030 1981 1183 2064 optumis
1192 1983 1372 2064 praecipua
1386 1981 1546 2062 quaedum

408 2088 503 2155 Oxou.
528 2091 612 2157 1859
632 2090 649 2154 Ι
668 2108 700 2172 p.
722 2091 786 2156 229
806 2089 881 2178 sq.).
907 2091 1044 2158 altorum
1070 2091 1210 2158 eiusdem
1235 2091 1354 2158 librum
1373 2089 1546 2172 Reliquiae

408 2218 520 2265 sacrm
532 2199 721 2283 inscriptum
736 2199 845 2266 uidere
859 2217 921 2265 non
935 2201 1079 2286 ooniigii

259 2337 331 2380 nna
344 2337 392 2380 an.
451 2310 529 2377 Post
539 2310 596 2378 hos
607 2310 773 2394 praesidiis
787 2310 917 2393 optimis
931 2311 1105 2377 insirnotns
1113 2312 1152 2376 do
1160 2311 1274 2393 quibus
1289 2329 1385 2394 supra
1394 2310 1492 2376 retuli
1503 2311 1544 2376 ad

243 2403 313 2448 '¹⁰¹¹'
333 2405 399 2449 '⁸¹¹⁰'
410 2421 621 2487 adornandam
636 2418 806 2486 editionem
820 2439 935 2486 nouam
950 2421 1075 2487 aeoessi.
1091 2440 1143 2488 ars
1157 2421 1268 2488 eritius
1281 2420 1312 2486 in
1327 2421 1378 2486 his
1393 2419 1541 2504 operibus

410 2530 585 2596 factitando
599 2531 770 2596 looiionnm
787 2531 938 2598 eleoiions
953 2532 1130 2598 ooniineinr
1144 2531 1337 2598 oonieoiandi
1348 2529 1465 2596 finibus
1475 2530 1544 2595 iam

410 2642 542 2726 anguste
563 2641 820 2726 oironmsoniptis,
843 2642 881 2708 ui
899 2642 986 2709 idem
1005 2643 1087 2710 mihi
1101 2643 1145 2710 sii
1159 2641 1340 2720 uerendum,
1362 2639 1446 2724 quod
1460 2639 1494 2707 in
1508 2658 1544 2706 ro

409 2751 508 2816 simili
527 2753 578 2818 uir
597 2753 799 2820 doetissimus
820 2753 853 2820 st
872 2746 1104 2840 κριτικῶτατος
1124 2771 1224 2836 nuper
1243 2751 1400 2835 professus
1418 2751 1476 2830 est,
1503 2767 1544 2816 ne

410 2862 449 2926 iis
463 2862 539 2928 haee
554 2881 624 2928 mea
638 2863 742 2945 opella
756 2881 868 2946 parom
882 2863 1041 2946 probetur,
1064 2861 1119 2945 qui
1135 2864 1296 2928 suetorum
1312 2859 1544 2943 rompnitionos

409 2971 575 3038 aestimare
585 2971 908 3042 solentadnumernm
920 2973 1060 3038 looorum
1071 2972 1305 3038 emendatorum
1318 2969 1544 3051 sineexemplo.
1636 2953 1640 2961 ¹

409 3099 598 3165 quamquam
619 3081 762 3147 omnium
777 3098 906 3165 opernm
922 3081 1062 3148 oondioio
1076 3099 1137 3147 non
1155 3081 1203 3147 est
1217 3081 1327 3147 eadem
1342 3079 1375 3145 ei
1390 3078 1545 3162 epistulae

408 3192 586 3269 nonnullas,
608 3192 726 3274 soripia
740 3211 815 3257 uero
829 3191 1034 3274 suppositioia
1048 3212 1084 3257 sx
1098 3211 1160 3258 nno
1174 3192 1340 3275 erohoiypo
1355 3208 1417 3255 non
1431 3208 1545 3272 parum

409 3299 578 3385 depranam
599 3300 819 3368 descendentia
838 3301 986 3385 pleraque
1007 3319 1154 3386 eampum
1173 3300 1322 3385 praebent
1342 3299 1470 3385 ingenia
1489 3317 1544 3366 ex·

408 3411 545 3495 porturis
565 3411 728 3494 aptiorem.
750 3411 785 3478 in
804 3403 919 3495 quibus
939 3413 968 3477 si
981 3413 1124 3479 nonnihil
1143 3431 1214 3478 msa
1233 3429 1307 3478 eura
1326 3411 1361 3476 in
1381 3429 1449 3477 rom
1470 3428 1545 3477 oon·

408 3522 521 3588 iniisse
542 3521 711 3605 uidebitur,
736 3539 787 3588 ero
810 3522 983 3589 oonisntns.
1004 3523 1153 3605 'equidem
1177 3521 1273 3589 otiam
1294 3521 1327 3588 in
1347 3521 1398 3588 his
1422 3522 1546 3589 mutius

408 3651 505 3716 quam
525 3632 674 3699 sudamus
690 3633 750 3718 egi,
771 3650 905 3716 quorum
920 3633 1101 3700 auctoribus
1115 3633 1240 3718 propter
1254 3633 1412 3718 insignem
1426 3633 1547 3700 medio·

410 3743 555 3810 esuum
572 3743 768 3828 permultum
788 3744 832 3810 sii
852 3744 1097 3811 eondonandnm.
1118 3745 1174 3810 nbi
1193 3763 1269 3811 uero
1290 3745 1331 3811 ad
1353 3746 1548 3813 oonieotnraa

410 3853 477 3921 erat
497 3852 750 3941 confugiendum,
771 3855 806 3920 in
820 3856 944 3922 terium
965 3873 1017 3922 eas
1036 3872 1097 3922 non
1117 3854 1230 3940 recepi,
1251 3854 1313 3922 nisi
1334 3854 1391 3922 nbi
1410 3855 1548 3923 maxime

409 3960 585 4049 pannones
614 3984 681 4032 osso
709 3965 904 4043 annonem,
939 3966 1092 4050 plurimus
1122 3965 1155 4031 in
1184 3966 1371 4049 apparatum
1384 3947 1385 3952 '
1400 3966 1548 4032 cassum

409 4075 558 4160 relegani.
588 4075 621 4141 in
652 4074 798 4159 Cypriani
828 4075 973 4160 operibns
1001 4075 1147 4161 genuinis
1175 4076 1405 4159 seripturarum
1434 4075 1548 4143 olsoiio

409 4186 548 4268 primum
569 4187 618 4252 esi
638 4187 834 4254 emendanim
853 4188 1017 4272 nogotium
1038 4187 1132 4271 idque
1146 4206 1165 4253 a
1179 4189 1265 4253 rania
1286 4187 1429 4254 oodioum
1450 4187 1548 4254 aesti-

410 4296 546 4363 matione
559 4297 662 4363 totum
678 4297 802 4382 pendet.
818 4297 858 4364 de
872 4317 935 4382 qua
949 4317 1023 4366 oum
1038 4299 1194 4366 oniomm
1208 4297 1316 4365 nulius
1331 4299 1546 4383 quaestionem
