4012 5056
446 393 545 442 um

446 529 1586 622 nummatusnpuopeeepieolas(21oieit)iawotoous

427 637 566 732 ¹«latebas
593 639 780 722 amplum
807 641 862 706 sed
885 641 966 707 mire
989 649 1181 726 sompnum
1210 644 1360 727 epistulas
1385 664 1459 712 uero
1483 664 1584 716 nouas

444 748 607 816 Istinium
631 769 669 816 ex
689 751 847 818 codicibus
871 751 1067 836 interpolatis
1092 754 1140 821 ita
1165 753 1346 822 emendasse
1370 756 1408 820 ut
1428 754 1520 822 modo
1542 775 1582 824 ex

445 859 513 946 hoo·
523 860 616 926 modo
631 879 669 927 ex
682 861 739 928 illo
753 879 832 944 quaa
846 865 920 946 apta
934 863 1118 930 ndsrsntur
1130 864 1272 950 eligeret,
1294 864 1423 951 gnuius
1437 869 1581 950 oorrupts

445 968 542 1036 etiarn
564 971 727 1054 manaret,
752 971 903 1038 nonnulla
922 973 1099 1040 ooniootura
1119 975 1265 1055 tantm,
1287 995 1360 1042 mea
1381 975 1583 1044 adnotatione

445 1097 517 1146 oum
540 1079 631 1146 illius
656 1080 793 1148 editione
818 1084 996 1167 comparata
1020 1083 1108 1152 nullo
1129 1085 1257 1170 negotio
1278 1085 1410 1170 quisque
1429 1086 1580 1166 inueniet

443 1189 552 1256 nullus
577 1190 738 1276 probabit:
763 1211 838 1259 unm
862 1193 1048 1260 rsosntiorea
1073 1194 1193 1262 wdioes
1218 1195 1404 1279 omnesqui
1428 1195 1584 1279 epistulas-

443 1299 517 1366 illas
538 1301 698 1368 eontinent
711 1321 748 1368 ex
762 1319 824 1368 uno
841 1303 924 1370 libro
941 1302 1069 1371 bunne
1090 1324 1185 1388 supra
1198 1305 1243 1398 (p⁷
1258 1303 1362 1372 XLVl
1376 1306 1436 1389 sq.)
1451 1304 1584 1372 damon·

443 1410 580 1476 stratum
607 1413 666 1478 est
693 1431 788 1495 quare
812 1413 982 1497 scripturas
1006 1413 1210 1480 Manutianae
1233 1414 1390 1499 plerisque
1417 1415 1495 1482 loeis
1523 1434 1582 1499 per

443 1519 581 1604 reliquas
609 1521 762 1590 editiones
788 1525 975 1610 propagatas
1002 1541 1065 1590 nou
1093 1525 1252 1592 motuni.
1290 1526 1428 1593 ostem
1458 1524 1583 1594 oodioes

442 1630 600 1699 alatinio
622 1633 780 1700 adhibitos
802 1633 879 1702 duos
900 1653 952 1700 me
973 1635 1102 1701 nanum
1123 1653 1190 1700 asse
1209 1637 1296 1719 puto.
1320 1636 1359 1701 de
1380 1653 1442 1700 uno
1460 1653 1510 1701 ros
1530 1637 1580 1702 est

443 1739 629 1822 sentinam,
644 1741 831 1810 Vaticanum
846 1741 899 1834 (φ)
914 1743 984 1810 ‹lioo
996 1763 1027 1811 n.
1046 1745 1119 1827 loe,
1139 1745 1229 1811 ouius
1243 1743 1392 1811 lectiones
1406 1743 1440 1809 in
1454 1743 1582 1810 Boleo-

442 1849 532 1916 tboeo
555 1871 651 1916 saera
672 1852 791 1936 passim
812 1855 981 1935 moriptse
1003 1853 1181 1931 ooourruut;
1207 1854 1289 1919 altor
1309 1853 1389 1920 mihi
1411 1854 1578 1920 Monaesu-

443 1959 487 2024 sis
513 1957 567 2046 (μ)
592 1959 729 2038 uidetur,
757 1961 812 2044 qui
838 1953 869 2027 ‘a
892 1960 1007 2028 Ioanne
1035 1962 1163 2029 Troater
1190 1962 1331 2030 Venetiia
1360 1983 1380 2030 e
1404 1963 1580 2030 Oartslarb

443 2069 578 2153 casparo
600 2089 680 2137 auno
704 2070 788 2137 1462
810 2071 927 2138 ultima
948 2070 1032 2138 Iunii
1052 2089 1109 2154 pro
1129 2070 1195 2137 XII
1218 2073 1340 2139 ducatis
1361 2061 1496 2157 emptus’
1519 2074 1581 2140 est.

443 2180 525 2245 parte
538 2199 577 2246 ex
587 2197 623 2246 eo
633 2183 685 2249 uel
699 2181 766 2247 eius
780 2181 956 2266 apographo
969 2180 1089 2247 librum
1102 2178 1154 2247 De
1167 2182 1354 2262 moetos
1367 2183 1401 2248 ot
1415 2181 1577 2265 cypriana·

441 2290 546 2354 mlum
569 2310 631 2371 per
658 2289 812 2356 Pontium
840 2291 908 2356 dees
934 2291 1105 2357 dmum
1136 2293 1258 2375 primus
1292 2291 1394 2358 adibit
1421 2291 1578 2360 latinius.

442 2399 572 2464 maioris
585 2401 737 2466 momenti
751 2400 847 2466 editio
858 2403 908 2468 ost
918 2399 952 2466 iu
961 2400 1092 2484 reliquis
1107 2401 1251 2483 oporibus
1262 2398 1409 2484 Cypriani
1423 2401 1582 2486 genuinis,

442 2524 575 2591 quorum
595 2509 636 2574 ad
650 2509 897 2576 emandationem
917 2509 1135 2576 uetunissima
1153 2507 1343 2592 exemplaria
1362 2513 1584 2596 oougassersnt

443 2619 476 2684 et
490 2616 636 2685 latinius
651 2621 684 2686 et
697 2617 826 2685 Carolus
839 2620 1054 2698 Bonomaeus,
1079 2619 1169 2686 ouius
1184 2619 1224 2686 da
1237 2638 1330 2704 opera
1342 2621 1378 2686 in
1390 2620 1584 2702 praefatione

442 2727 606 2812 adipsum
620 2729 1010 2814 soriptahaeobsbeutur:
1025 2729 1581 2811 praedemadbencmerendsm

443 2843 581 2904 murae
602 2840 849 2920 propensionem
876 2839 1090 2923 upoosesbom,
1118 2839 1175 2920 pei
1202 2844 1285 2905 totos
1311 2841 1349 2904 a's
1374 2859 1445 2904 eam
1468 2859 1584 2906 eorum

442 2947 634 3026 ensem,
647 2953 685 3013 ot
698 2948 806 3013 omnia
824 2946 984 3032 Cyprium
997 2947 1128 3030 sospes,
1141 2949 1267 3014 menois
1280 2953 1378 3016 unua
1391 2949 1578 3032 defensata,

441 3037 1581 3140 sememoumeoprsuomasspsssamssom
1712 3039 1716 3046 '

451 3166 575 3233 Verona
594 3167 697 3234 miros
710 3167 876 3234 musaeo
889 3167 1075 3250 sumptori,
1094 3173 1247 3235 uxorato
1260 3167 1419 3234 mum
1432 3169 1578 3234 tiresum

441 3275 609 3342 obessa
626 3278 874 3344 restitameator.
900 3277 941 3344 ab
956 3278 1164 3344 Veronensam
1178 3277 1433 3344 uetustissimum
1447 3277 1583 3345 aoooesit

441 3389 681 3455 Beneuentanus
705 3388 758 3454 uel
776 3388 1000 3471 Neapolitsnus
1022 3388 1212 3472 optimorum
1234 3408 1326 3455 unm.
1351 3390 1441 3456 textu
1461 3389 1501 3455 ad
1520 3387 1578 3454 hos

441 3501 587 3564 weurate
621 3499 775 3584 castigato
804 3517 876 3565 oum
902 3497 1047 3564 Latinius
1076 3499 1184 3564 oontm
1212 3497 1400 3582 soriptorum
1427 3497 1580 3563 librorum
1618 3523 1620 3528 ·

351 3685 353 3690 ,
440 3608 537 3675 fldem
557 3610 709 3676 nonnullo.
729 3609 860 3688 retenta,
880 3609 986 3692 uliqua
1005 3608 1124 3688 additu,
1148 3627 1243 3692 quam
1256 3608 1396 3692 plurima
1409 3607 1579 3700 immutata

441 3718 575 3804 uideret,
603 3738 717 3788 nomen
741 3739 834 3788 suum
859 3719 893 3785 in
918 3719 1054 3786 editione
1068 3739 1088 3785 a
1102 3718 1246 3786 Manutio
1270 3735 1333 3784 non
1356 3736 1485 3800 passum
1510 3724 1581 3784 osse

441 3828 579 3896 adscribi
607 3829 737 3914 ipsein
766 3828 901 3912 epistula
929 3828 969 3894 ad
993 3829 1141 3908 Mnsium,
1171 3828 1259 3894 ouius
1288 3828 1385 3894 uerba
1412 3846 1448 3924 pr
1465 3827 1497 3892 X
1520 3845 1574 3893 ex-

392 3965 395 3972 ·
441 3940 564 4024 nosipsi,
578 3941 685 4008 narrat
698 3942 731 4008 et
745 3938 848 4008 Caroli
862 3939 1064 4006 Vioooomitis
1078 3939 1205 4006 litteras
1220 3937 1340 4025 (letters
1354 3931 1396 4012 lo
1411 3937 1447 4002 oi
1462 3936 1579 4004 Proeto

445 4047 569 4114 XXII.
585 4047 715 4134 Giopeso
735 4051 769 4115 in
788 4049 912 4114 Baluuii
927 4048 1066 4114 Misoelt.
1089 4048 1137 4115 od.
1157 4048 1261 4114 blansi
1281 4048 1332 4112 111
1353 4067 1384 4135 p‚
1405 4045 1484 4136 472)
1506 4064 1580 4112 oon·

440 4161 579 4227 firmam.
606 4159 682 4227 inde
704 4161 770 4227 iam
791 4161 880 4244 patet
900 4160 935 4226 in
955 4159 1141 4226 Manutiaua
1161 4159 1299 4226 editione
1315 4157 1502 4250 Veronensis
1524 4158 1580 4225 do-

442 4272 559 4356 perditi
579 4272 751 4356 scripturas
772 4271 934 4355 conplures
954 4269 1053 4337 latare
1073 4288 1152 4353 quas
1166 4287 1275 4336 eruere
1288 4269 1376 4335 nullo
1390 4268 1482 4335 modo
1496 4267 1583 4338 boet
