4016 5054
411 381 474 448 188
883 374 1068 446 appendix.

411 538 491 595 serat
504 535 598 608 mala,
628 538 660 595 et
679 535 714 594 de
736 533 890 594 sanctitate
909 533 1088 608 praeiudicat
1112 535 1146 593 nt
1169 531 1380 594 immunditiam
1394 530 1543 605 suptiliter

411 636 597 712 introducat,
627 637 662 698 do
688 635 770 697 licito
795 634 953 698 calumnias
977 635 1048 696 iacit
1073 638 1107 696 ut
1130 634 1260 696 obtinere
1285 632 1429 693 inlicitum
1438 632 1541 708 possit.

415 741 622 815 propterquod
637 740 784 814 apostolus
799 739 907 798 Paulus
921 739 1036 800 haeresi
1061 738 1130 799 huic
1154 742 1222 799 aute
1242 735 1413 814 praescribit
1427 734 1541 796 dicem:

413 845 663 902 uerumtamcu
695 857 810 916 neque
842 839 976 900 mulier
1007 841 1086 901 sine
1118 841 1198 900 uiro
1230 857 1345 915 usque
1378 839 1435 897 uir
1464 837 1545 898 siue

412 945 576 1004 muliere
598 945 636 1004 iu
658 943 818 1004 Domino.
841 943 919 1004 absit
933 941 1011 1003 absit
1032 945 1066 1002 ut
1088 943 1193 1018 ubique
1207 942 1329 1003 femmae
1343 939 1567 1018 praescribas-u

413 1049 462 1106 tur
477 1051 530 1106 aut
543 1046 649 1119 ubique
674 1045 825 1119 permissio
840 1045 994 1104 tribuatur.
1020 1045 1128 1104 habeut
1154 1045 1217 1104 loca
1241 1059 1294 1104 sua
1308 1043 1385 1104 circa
1408 1042 1545 1102 maritum

412 1147 491 1208 circa
505 1147 581 1208 illios
595 1147 672 1208 circa
686 1147 793 1208 iratres
808 1148 884 1208 circa
898 1147 1031 1220 parentes
1046 1147 1122 1206 circa
1135 1161 1235 1208 serum
1249 1148 1279 1206 et
1295 1145 1325 1206 iu
1340 1147 1423 1206 domo
1438 1143 1546 1206 oratio-

412 1248 458 1308 nis
480 1249 678 1310 tautummodo
702 1249 784 1309 iuxta
798 1251 915 1310 cunctos
929 1247 1058 1310 clericos.
1086 1247 1117 1306 iu
1138 1247 1285 1308 mansione
1299 1250 1396 1307 autem
1410 1261 1468 1306 uua
1481 1247 1543 1305 siue

414 1352 584 1425 cognatione
610 1354 795 1425 conpetenter
819 1366 876 1408 nou
896 1350 1003 1409 habeut
1019 1349 1121 1409 socios.
1150 1349 1222 1409 haec
1235 1353 1282 1409 cst
1296 1348 1373 1408 libra
1386 1363 1460 1422 quae
1475 1349 1544 1408 stat

412 1454 493 1512 stare
507 1467 576 1512 uero
590 1468 648 1511 nou
663 1453 760 1526 potest
784 1450 920 1526 quicquid
937 1441 1125 1510 ‘iucumneric
1138 1450 1242 1511 libram
1256 1449 1368 1510 dicente
1382 1449 1527 1524 scriptura
1537 1469 1546 1509 ι
1556 1465 1583 1507 rc

412 1569 480 1613 nou
514 1551 728 1614 declinabis
760 1553 799 1612 iu
832 1553 1017 1614 dextoram
1053 1569 1169 1627 neque
1205 1553 1242 1612 iu
1281 1551 1481 1612 sinistram.
1517 1552 1547 1611 et

412 1655 553 1716 Dominus
582 1654 612 1714 iu
637 1655 803 1730 euangelio:
834 1654 927 1728 quod
955 1652 1115 1728 amplius
1136 1657 1193 1714 eet
1213 1673 1232 1716 a
1252 1653 1343 1714 malo
1365 1655 1431 1714 cet.
1469 1651 1547 1712 disce

416 1773 492 1817 nunc
505 1757 713 1831 temperantiae
730 1757 843 1816 modum
868 1755 919 1829 qui
944 1771 996 1829 per
1010 1755 1157 1816 Hecutiam
1172 1756 1287 1830 qnaoris
1301 1771 1458 1816 excessum.
1480 1769 1546 1814 ama

412 1857 537 1918 feminas
551 1857 628 1918 iuter
641 1875 726 1919 sacra
739 1855 879 1918 solemnia
894 1859 924 1917 ot
939 1856 1004 1918 odio
1018 1857 1093 1917 baba
1108 1857 1139 1917 iu
1154 1857 1350 1919 communione
1365 1857 1496 1930 priuata,
1519 1854 1546 1914 si

412 1959 459 2017 uis
488 1959 648 2020 &lomenia
677 1963 775 2018 tenere
804 1959 981 2018 doctrinam:
1011 1961 1169 2032 tempus,
1203 1960 1312 2034 iuquit,
1335 1958 1481 2019 amandi
1510 1961 1582 2018 otus

416 2063 560 2132 tempus
589 2060 746 2120 odiendi.

364 2169 404 2226 14
460 2162 541 2222 Tunc
566 2179 637 2235 ergo
662 2163 789 2222 canenda
809 2163 877 2221 suut
905 2161 1028 2221 feminae
1043 2162 1210 2237 participia,
1233 2165 1345 2237 quaudo
1360 2162 1471 2238 peritur
1484 2179 1547 2222 car·

416 2264 525 2322 nulium
541 2281 675 2324 curarum
690 2263 824 2323 mutiana
837 2262 1028 2323 unanimitate
1042 2263 1214 2337 frequentia,
1229 2263 1363 2338 quoniam
1378 2263 1455 2324 iuter
1465 2279 1548 2323 curas

417 2381 485 2424 suas
502 2382 569 2424 carc
584 2381 698 2439 semper
712 2363 899 2424 incitamenta
912 2363 1055 2438 cupidinis
1064 2367 1200 2438 prouocat
1213 2369 1244 2426 et
1255 2365 1316 2425 illio
1330 2366 1407 2439 parit
1421 2365 1551 2424 fomenta

414 2465 569 2539 peccandi,
592 2465 642 2526 ubi
656 2467 838 2539 pertractans
853 2465 999 2526 commoda
1018 2481 1071 2526 eun
1085 2466 1252 2540 temporalis
1267 2468 1345 2526 uitae
1359 2466 1544 2540 cogitationi·
1557 2485 1585 2526 ao

414 2566 469 2625 bae
484 2566 609 2625 senserit
623 2565 771 2640 paululum
793 2565 936 2639 rdaxari,
962 2565 1038 2625 sicut
1063 2568 1194 2627 Salomon
1219 2567 1327 2626 adserit
1352 2565 1465 2627 diceus:
1489 2567 1545 2626 de·

413 2666 544 2741 primit
579 2668 734 2728 terrena
767 2667 959 2742 cogitatio
992 2684 1138 2728 aeneum
1165 2668 1280 2729 multa
1313 2668 1547 2742 cogitantem.

414 2770 445 2827 iu
472 2771 615 2830 conuentu
636 2786 705 2829 uero
727 2785 887 2842 sacrorum,
917 2770 966 2829 ubi
989 2771 1109 2844 spiritus
1130 2771 1309 2844 dominatur,
1331 2769 1437 2830 ancilla
1458 2772 1549 2830 semet

413 2871 508 2943 ipsam
534 2887 708 2945 cognoscem
733 2872 829 2946 perdit
863 2887 932 2931 suae
960 2871 1118 2946 uoluptatis
1154 2889 1256 2944 usum,
1278 2872 1374 2946 perdit
1393 2874 1424 2931 et
1448 2870 1547 2931 luxum

414 2972 483 3030 dnm
515 2973 678 3030 tractantur
703 2971 855 3044 caelestia,
890 2973 957 3032 dum
984 2972 1165 3033 celebrantur
1179 2975 1280 3033 sancta
1306 2973 1457 3048 mysteria:
1485 2975 1582 3037 totana

412 3073 579 3134 humanitas
596 3075 766 3148 occupatur,
797 3075 846 3134 ubi
868 3091 925 3135 non
939 3077 1063 3135 humana
1088 3077 1138 3135 sed
1160 3075 1259 3136 diuina
1273 3079 1342 3136 eunt
1356 3077 1466 3138 omnia:
1494 3075 1545 3135 obi

412 3176 561 3236 ueneratio
576 3176 622 3235 uel
637 3177 730 3236 terror
744 3178 774 3235 ot
795 3180 902 3236 tremor
917 3177 1056 3236 incutitur
1071 3177 1175 3236 animis
1189 3179 1341 3250 uniuersis,
1358 3178 1472 3252 sepulta
1497 3179 1543 3236 eat

412 3276 543 3351 proiecto
558 3277 723 3337 substantia
748 3279 882 3338 carnalis.
905 3279 981 3338 iutcr
1000 3279 1065 3354 ipsa
1078 3279 1143 3339 iero·
1153 3279 1246 3338 carnis
1261 3279 1445 3340 mercimonia
1458 3277 1543 3338 multi

418 3379 596 3452 uoluptatem
612 3380 739 3453 corporis
753 3381 928 3456 neglegunt,
956 3382 1067 3454 quaudo
1093 3399 1112 3440 a
1126 3381 1287 3455 legionibus
1301 3381 1438 3441 exercitia
1450 3382 1542 3440 medi·

486 3612 518 3665 11
536 3611 616 3666 Pron.
634 3612 660 3679 4,
678 3614 721 3667 27.
910 3614 944 3667 12
962 3613 1061 3667 llatth.
1081 3613 1106 3678 b,
1124 3613 1166 3667 aa.
1357 3613 1392 3667 15
1409 3613 1460 3668 Sir.
1477 3613 1503 3677 3,
1521 3612 1547 3666 8.

412 3695 445 3748 21
465 3694 528 3765 Sap.
547 3696 571 3762 9,
591 3698 631 3752 15.

483 3897 550 3951 but
568 3897 630 3953 Ga.
648 3899 667 3954 i.
685 3915 720 3954 aa
738 3903 757 3954 2
885 3899 992 3955 9libra
1010 3899 1041 3966 0,
1058 3899 1179 3958 liberae
1299 3900 1335 3955 10
1350 3901 1449 3956 libram
1467 3901 1496 3968 0,
1516 3901 1551 3956 li·

415 3980 514 4037 berac
625 3984 659 4038 18
675 3985 855 4040 unanimitate
877 3985 907 4049 0,
924 3984 1123 4041 unanimiterc
1227 3987 1260 4041 19
1274 3991 1338 4056 poet
1356 4002 1460 4057 semper
1478 4003 1549 4059 croc,

415 4067 593 4124 etiamieoO
716 4071 861 4141 paritaoo
985 4071 1348 4137 manducandae
1467 4073 1551 4128 aeia

422 4155 484 4210 Ga.
502 4156 521 4210 1.
539 4159 611 4210 Μ
713 4156 842 4212 ancillam
863 4156 887 4212 0
992 4156 1026 4210 ἵ(
1044 4158 1145 4210 tremor
1161 4159 1191 4210 et
1207 4160 1327 4212 terrorc
1439 4159 1474 4212 28
1490 4173 1552 4228 pro·

420 4239 491 4296 secto
515 4241 544 4308 0,
562 4241 677 4311 perlecto
694 4259 720 4308 c,
738 4241 856 4312 perlecta
871 4241 958 4299 oxon.
1033 4241 1069 4296 29
1086 4241 1192 4311 quaudo
1209 4243 1238 4309 0,
1256 4241 1360 4298 scilicet
1377 4241 1518 4312 quandoo
