<?xml version="1.0" encoding="UTF-8"?>
<!DOCTYPE html PUBLIC "-//W3C//DTD XHTML 1.0 Transitional//EN"
    "http://www.w3.org/TR/xhtml1/DTD/xhtml1-transitional.dtd">
<html xmlns="http://www.w3.org/1999/xhtml" xml:lang="en" lang="en">
 <head>
  <title>
</title>
<meta http-equiv="Content-Type" content="text/html;charset=utf-8" />
  <meta name='ocr-system' content='tesseract 3.04.00' />
  <meta name='ocr-capabilities' content='ocr_page ocr_carea ocr_par ocr_line ocrx_word'/>
</head>
<body>
  <div class='ocr_page' id='page_1' title='image "./sthascicaecilic02cyprgoog_0205.png"; bbox 0 0 4012 5066; ppageno 0'>
   <div class='ocr_carea' id='block_1_1' title="bbox 414 285 1072 356">
    <p class='ocr_par' dir='ltr' id='par_1_1' title="bbox 414 285 1072 356">
     <span class='ocr_line' id='line_1_1' title="bbox 414 285 1072 356; baseline -0.002 -15"><span class='ocrx_word' id='word_1_1' title='bbox 414 293 455 354; x_wconf 76' lang='grc'>74</span> <span class='ocrx_word' id='word_1_2' title='bbox 886 285 1072 356; x_wconf 77' lang='lat' dir='ltr'>uppenurx.</span> 
     </span>
    </p>
   </div>
   <div class='ocr_carea' id='block_1_2' title="bbox 304 443 1582 3368">
    <p class='ocr_par' dir='ltr' id='par_1_2' title="bbox 304 443 1582 3368">
     <span class='ocr_line' id='line_1_2' title="bbox 412 443 1548 520; baseline 0 -18"><span class='ocrx_word' id='word_1_3' title='bbox 412 443 531 517; x_wconf 82' lang='lat' dir='ltr'>famant,</span> <span class='ocrx_word' id='word_1_4' title='bbox 562 444 697 519; x_wconf 85' lang='lat' dir='ltr'>quonism</span> <span class='ocrx_word' id='word_1_5' title='bbox 725 445 772 506; x_wconf 88' lang='lat' dir='ltr'>uel</span> <span class='ocrx_word' id='word_1_6' title='bbox 802 445 853 507; x_wconf 90' lang='lat' dir='ltr'>illo</span> <span class='ocrx_word' id='word_1_7' title='bbox 883 443 1036 506; x_wconf 83' lang='lat' dir='ltr'>interuallo</span> <span class='ocrx_word' id='word_1_8' title='bbox 1066 445 1203 520; x_wconf 86' lang='lat' dir='ltr'>temporis</span> <span class='ocrx_word' id='word_1_9' title='bbox 1232 443 1338 520; x_wconf 86' lang='lat' dir='ltr'>uliquis</span> <span class='ocrx_word' id='word_1_10' title='bbox 1369 461 1467 506; x_wconf 89' lang='lat' dir='ltr'>eorum</span> <span class='ocrx_word' id='word_1_11' title='bbox 1490 461 1548 505; x_wconf 91' lang='lat' dir='ltr'>nou</span> 
     </span>
     <span class='ocr_line' id='line_1_3' title="bbox 365 545 1549 632; baseline 0 -27"><span class='ocrx_word' id='word_1_12' title='bbox 365 625 368 632; x_wconf 25' lang='grc'>1</span> <span class='ocrx_word' id='word_1_13' title='bbox 417 546 539 620; x_wconf 84' lang='lat' dir='ltr'>adeptus</span> <span class='ocrx_word' id='word_1_14' title='bbox 555 546 688 621; x_wconf 89' lang='lat' dir='ltr'>spiritum</span> <span class='ocrx_word' id='word_1_15' title='bbox 703 551 833 608; x_wconf 86' lang='lat' dir='ltr'>sanetum</span> <span class='ocrx_word' id='word_1_16' title='bbox 850 550 941 608; x_wconf 91' lang='lat' dir='ltr'>morte</span> <span class='ocrx_word' id='word_1_17' title='bbox 956 547 1051 620; x_wconf 89' lang='lat' dir='ltr'>potuit</span> <span class='ocrx_word' id='word_1_18' title='bbox 1064 546 1198 622; x_wconf 70' lang='lat' dir='ltr'>intercipi</span> <span class='ocrx_word' id='word_1_19' title='bbox 1212 547 1244 606; x_wconf 84' lang='lat' dir='ltr'>et</span> <span class='ocrx_word' id='word_1_20' title='bbox 1257 546 1443 607; x_wconf 70' lang='lat' dir='ltr'><strong>defraudatus</strong></span> <span class='ocrx_word' id='word_1_21' title='bbox 1453 545 1549 620; x_wconf 62' lang='lat' dir='ltr'>mete</span> 
     </span>
     <span class='ocr_line' id='line_1_4' title="bbox 417 646 1548 724; baseline 0 -18"><span class='ocrx_word' id='word_1_22' title='bbox 417 647 538 722; x_wconf 84' lang='lat' dir='ltr'>spiritus</span> <span class='ocrx_word' id='word_1_23' title='bbox 552 649 645 709; x_wconf 72' lang='lat' dir='ltr'>munti</span> <span class='ocrx_word' id='word_1_24' title='bbox 660 648 787 724; x_wconf 73' lang='lat' dir='ltr'>defungi.</span> <span class='ocrx_word' id='word_1_25' title='bbox 810 651 885 724; x_wconf 83' lang='lat' dir='ltr'>quod</span> <span class='ocrx_word' id='word_1_26' title='bbox 899 648 1037 709; x_wconf 80' lang='lat' dir='ltr'>hodierna</span> <span class='ocrx_word' id='word_1_27' title='bbox 1051 665 1163 723; x_wconf 88' lang='lat' dir='ltr'>quoque</span> <span class='ocrx_word' id='word_1_28' title='bbox 1179 649 1226 708; x_wconf 85' lang='lat' dir='ltr'>die</span> <span class='ocrx_word' id='word_1_29' title='bbox 1240 666 1298 709; x_wconf 93' lang='lat' dir='ltr'>non</span> <span class='ocrx_word' id='word_1_30' title='bbox 1311 650 1407 723; x_wconf 87' lang='lat' dir='ltr'>potest</span> <span class='ocrx_word' id='word_1_31' title='bbox 1420 646 1548 708; x_wconf 88' lang='lat' dir='ltr'>dubitari</span> 
     </span>
     <span class='ocr_line' id='line_1_5' title="bbox 311 735 1547 826; baseline -0.002 -14"><span class='ocrx_word' id='word_1_32' title='bbox 311 735 314 742; x_wconf 48' lang='lat'><strong>⁴</strong></span> <span class='ocrx_word' id='word_1_33' title='bbox 415 767 479 812; x_wconf 88' lang='lat' dir='ltr'>esee</span> <span class='ocrx_word' id='word_1_34' title='bbox 494 750 633 812; x_wconf 84' lang='lat' dir='ltr'>usitetum</span> <span class='ocrx_word' id='word_1_35' title='bbox 648 753 679 811; x_wconf 83' lang='lat' dir='ltr'>et</span> <span class='ocrx_word' id='word_1_36' title='bbox 693 751 807 812; x_wconf 90' lang='lat' dir='ltr'>euenire</span> <span class='ocrx_word' id='word_1_37' title='bbox 821 751 938 812; x_wconf 90' lang='lat' dir='ltr'>solitum</span> <span class='ocrx_word' id='word_1_38' title='bbox 951 753 986 811; x_wconf 90' lang='lat' dir='ltr'>ut</span> <span class='ocrx_word' id='word_1_39' title='bbox 998 749 1128 826; x_wconf 76' lang='lat' dir='ltr'>plerique</span> <span class='ocrx_word' id='word_1_40' title='bbox 1143 751 1209 826; x_wconf 87' lang='lat' dir='ltr'>poet</span> <span class='ocrx_word' id='word_1_41' title='bbox 1223 749 1368 824; x_wconf 78' lang='lat' dir='ltr'>baptismo</span> <span class='ocrx_word' id='word_1_42' title='bbox 1377 750 1441 810; x_wconf 91' lang='lat' dir='ltr'>siue</span> <span class='ocrx_word' id='word_1_43' title='bbox 1455 751 1547 824; x_wconf 89' lang='lat' dir='ltr'>impo-</span> 
     </span>
     <span class='ocr_line' id='line_1_6' title="bbox 415 850 1568 928; baseline -0.003 -14"><span class='ocrx_word' id='word_1_44' title='bbox 415 853 521 915; x_wconf 84' lang='lat' dir='ltr'>sitione</span> <span class='ocrx_word' id='word_1_45' title='bbox 547 870 649 914; x_wconf 85' lang='lat' dir='ltr'>manus</span> <span class='ocrx_word' id='word_1_46' title='bbox 673 853 801 928; x_wconf 90' lang='lat' dir='ltr'>episoopi</span> <span class='ocrx_word' id='word_1_47' title='bbox 825 855 861 914; x_wconf 90' lang='lat' dir='ltr'>de</span> <span class='ocrx_word' id='word_1_48' title='bbox 887 853 1001 914; x_wconf 87' lang='lat' dir='ltr'>sseoulo</span> <span class='ocrx_word' id='word_1_49' title='bbox 1024 855 1136 926; x_wconf 84' lang='lat' dir='ltr'>exeant,</span> <span class='ocrx_word' id='word_1_50' title='bbox 1163 855 1193 914; x_wconf 88' lang='lat' dir='ltr'>et</span> <span class='ocrx_word' id='word_1_51' title='bbox 1218 855 1314 913; x_wconf 85' lang='lat' dir='ltr'>tamen</span> <span class='ocrx_word' id='word_1_52' title='bbox 1336 868 1389 925; x_wconf 92' lang='lat' dir='ltr'>pro</span> <span class='ocrx_word' id='word_1_53' title='bbox 1410 850 1568 927; x_wconf 80' lang='lat' dir='ltr'>parieotise</span> 
     </span>
     <span class='ocr_line' id='line_1_7' title="bbox 414 953 1547 1030; baseline -0.001 -17"><span class='ocrx_word' id='word_1_54' title='bbox 414 953 547 1015; x_wconf 71' lang='lat' dir='ltr'>fidelibus</span> <span class='ocrx_word' id='word_1_55' title='bbox 561 955 713 1015; x_wconf 72' lang='lat' dir='ltr'>habentur.</span> <span class='ocrx_word' id='word_1_56' title='bbox 739 955 825 1015; x_wconf 74' lang='lat' dir='ltr'>menti</span> <span class='ocrx_word' id='word_1_57' title='bbox 845 955 984 1030; x_wconf 75' lang='lat' dir='ltr'>Aethiops</span> <span class='ocrx_word' id='word_1_58' title='bbox 1000 956 1147 1016; x_wconf 90' lang='lat' dir='ltr'>euuuohus</span> <span class='ocrx_word' id='word_1_59' title='bbox 1167 972 1231 1016; x_wconf 89' lang='lat' dir='ltr'>oum</span> <span class='ocrx_word' id='word_1_60' title='bbox 1251 955 1360 1014; x_wconf 79' lang='lat' dir='ltr'>rediret</span> <span class='ocrx_word' id='word_1_61' title='bbox 1382 955 1420 1012; x_wconf 87' lang='lat' dir='ltr'>ab</span> <span class='ocrx_word' id='word_1_62' title='bbox 1440 953 1547 1013; x_wconf 80' lang='lat' dir='ltr'>Hieru-</span> 
     </span>
     <span class='ocr_line' id='line_1_8' title="bbox 414 1055 1548 1132; baseline -0.002 -14"><span class='ocrx_word' id='word_1_63' title='bbox 414 1055 502 1118; x_wconf 85' lang='lat' dir='ltr'>salem</span> <span class='ocrx_word' id='word_1_64' title='bbox 519 1060 548 1116; x_wconf 87' lang='lat' dir='ltr'>et</span> <span class='ocrx_word' id='word_1_65' title='bbox 568 1055 678 1131; x_wconf 79' lang='lat' dir='ltr'>legeret</span> <span class='ocrx_word' id='word_1_66' title='bbox 698 1057 865 1132; x_wconf 89' lang='lat' dir='ltr'>prophetam</span> <span class='ocrx_word' id='word_1_67' title='bbox 880 1055 996 1117; x_wconf 81' lang='lat' dir='ltr'>hleuinm</span> <span class='ocrx_word' id='word_1_68' title='bbox 1010 1059 1041 1117; x_wconf 85' lang='lat' dir='ltr'>ot</span> <span class='ocrx_word' id='word_1_69' title='bbox 1062 1056 1220 1118; x_wconf 69' lang='lat' dir='ltr'>haesitaret</span> <span class='ocrx_word' id='word_1_70' title='bbox 1244 1058 1418 1132; x_wconf 77' lang='lat' dir='ltr'>suggerente</span> <span class='ocrx_word' id='word_1_71' title='bbox 1442 1055 1548 1131; x_wconf 85' lang='lat' dir='ltr'>spiritu</span> 
     </span>
     <span class='ocr_line' id='line_1_9' title="bbox 414 1157 1546 1233; baseline 0 -15"><span class='ocrx_word' id='word_1_72' title='bbox 414 1159 514 1218; x_wconf 87' lang='lat' dir='ltr'>audite</span> <span class='ocrx_word' id='word_1_73' title='bbox 536 1159 661 1219; x_wconf 79' lang='lat' dir='ltr'>ueritate</span> <span class='ocrx_word' id='word_1_74' title='bbox 675 1176 694 1217; x_wconf 90' lang='lat' dir='ltr'>a</span> <span class='ocrx_word' id='word_1_75' title='bbox 707 1159 842 1233; x_wconf 83' lang='lat' dir='ltr'>Phiiippo</span> <span class='ocrx_word' id='word_1_76' title='bbox 862 1159 980 1220; x_wconf 83' lang='lat' dir='ltr'>disoeno</span> <span class='ocrx_word' id='word_1_77' title='bbox 1003 1159 1125 1219; x_wconf 83' lang='lat' dir='ltr'>eredidit</span> <span class='ocrx_word' id='word_1_78' title='bbox 1138 1160 1169 1218; x_wconf 90' lang='lat' dir='ltr'>ot</span> <span class='ocrx_word' id='word_1_79' title='bbox 1183 1157 1347 1232; x_wconf 80' lang='lat' dir='ltr'>baptisatus</span> <span class='ocrx_word' id='word_1_80' title='bbox 1361 1161 1416 1232; x_wconf 82' lang='lat' dir='ltr'>ost,</span> <span class='ocrx_word' id='word_1_81' title='bbox 1438 1161 1468 1217; x_wconf 88' lang='lat' dir='ltr'>et</span> <span class='ocrx_word' id='word_1_82' title='bbox 1483 1175 1546 1218; x_wconf 86' lang='lat' dir='ltr'>eum</span> 
     </span>
     <span class='ocr_line' id='line_1_10' title="bbox 413 1259 1547 1337; baseline -0.001 -16"><span class='ocrx_word' id='word_1_83' title='bbox 413 1261 591 1322; x_wconf 75' lang='lat' dir='ltr'>ascendisset</span> <span class='ocrx_word' id='word_1_84' title='bbox 605 1262 641 1320; x_wconf 84' lang='lat' dir='ltr'>do</span> <span class='ocrx_word' id='word_1_85' title='bbox 661 1278 746 1335; x_wconf 86' lang='lat' dir='ltr'>aqua,</span> <span class='ocrx_word' id='word_1_86' title='bbox 766 1260 888 1337; x_wconf 86' lang='lat' dir='ltr'>spiritus</span> <span class='ocrx_word' id='word_1_87' title='bbox 901 1261 1015 1321; x_wconf 87' lang='lat' dir='ltr'>Domini</span> <span class='ocrx_word' id='word_1_88' title='bbox 1033 1259 1131 1334; x_wconf 86' lang='lat' dir='ltr'>rapuit</span> <span class='ocrx_word' id='word_1_89' title='bbox 1152 1260 1330 1334; x_wconf 84' lang='lat' dir='ltr'>Philippum,</span> <span class='ocrx_word' id='word_1_90' title='bbox 1349 1263 1381 1320; x_wconf 89' lang='lat' dir='ltr'>et</span> <span class='ocrx_word' id='word_1_91' title='bbox 1395 1277 1452 1320; x_wconf 92' lang='lat' dir='ltr'>nou</span> <span class='ocrx_word' id='word_1_92' title='bbox 1472 1259 1547 1320; x_wconf 85' lang='lat' dir='ltr'>uidit</span> 
     </span>
     <span class='ocr_line' id='line_1_11' title="bbox 414 1361 1582 1438; baseline -0.002 -14"><span class='ocrx_word' id='word_1_93' title='bbox 414 1379 480 1424; x_wconf 90' lang='lat' dir='ltr'>eum</span> <span class='ocrx_word' id='word_1_94' title='bbox 499 1363 556 1422; x_wconf 89' lang='lat' dir='ltr'>iam</span> <span class='ocrx_word' id='word_1_95' title='bbox 577 1381 654 1423; x_wconf 91' lang='lat' dir='ltr'>nuno</span> <span class='ocrx_word' id='word_1_96' title='bbox 674 1361 799 1437; x_wconf 84' lang='lat' dir='ltr'>emplius</span> <span class='ocrx_word' id='word_1_97' title='bbox 819 1363 981 1423; x_wconf 85' lang='lat' dir='ltr'>eunuohus:</span> <span class='ocrx_word' id='word_1_98' title='bbox 1007 1362 1107 1422; x_wconf 83' lang='lat' dir='ltr'>ebibet</span> <span class='ocrx_word' id='word_1_99' title='bbox 1122 1361 1198 1423; x_wconf 90' lang='lat' dir='ltr'>euim</span> <span class='ocrx_word' id='word_1_100' title='bbox 1212 1361 1290 1422; x_wconf 84' lang='lat' dir='ltr'>ulem</span> <span class='ocrx_word' id='word_1_101' title='bbox 1304 1378 1387 1422; x_wconf 86' lang='lat' dir='ltr'>susm</span> <span class='ocrx_word' id='word_1_102' title='bbox 1407 1363 1544 1438; x_wconf 69' lang='lat' dir='ltr'>gaudens.</span> <span class='ocrx_word' id='word_1_103' title='bbox 1555 1381 1582 1422; x_wconf 99' lang='grc' dir='ltr'>ιο</span> 
     </span>
     <span class='ocr_line' id='line_1_12' title="bbox 413 1463 1545 1540; baseline 0 -16"><span class='ocrx_word' id='word_1_104' title='bbox 413 1481 596 1540; x_wconf 87' lang='lat' dir='ltr'>quemqnam,</span> <span class='ocrx_word' id='word_1_105' title='bbox 617 1468 652 1525; x_wconf 90' lang='lat' dir='ltr'>ut</span> <span class='ocrx_word' id='word_1_106' title='bbox 672 1465 888 1537; x_wconf 82' lang='lat' dir='ltr'>animaduertis,</span> <span class='ocrx_word' id='word_1_107' title='bbox 910 1463 1044 1536; x_wconf 88' lang='lat' dir='ltr'>imposita</span> <span class='ocrx_word' id='word_1_108' title='bbox 1063 1463 1090 1524; x_wconf 90' lang='lat' dir='ltr'>ei</span> <span class='ocrx_word' id='word_1_109' title='bbox 1104 1481 1206 1523; x_wconf 88' lang='lat' dir='ltr'>manue</span> <span class='ocrx_word' id='word_1_110' title='bbox 1221 1480 1279 1524; x_wconf 92' lang='lat' dir='ltr'>non</span> <span class='ocrx_word' id='word_1_111' title='bbox 1293 1464 1339 1522; x_wconf 87' lang='lat' dir='ltr'>est</span> <span class='ocrx_word' id='word_1_112' title='bbox 1352 1465 1389 1522; x_wconf 90' lang='lat' dir='ltr'>ab</span> <span class='ocrx_word' id='word_1_113' title='bbox 1404 1465 1545 1538; x_wconf 87' lang='lat' dir='ltr'>episeopo,</span> 
     </span>
     <span class='ocr_line' id='line_1_13' title="bbox 410 1565 1545 1640; baseline 0 -16"><span class='ocrx_word' id='word_1_114' title='bbox 410 1567 445 1625; x_wconf 84' lang='lat' dir='ltr'>ut</span> <span class='ocrx_word' id='word_1_115' title='bbox 460 1565 595 1640; x_wconf 85' lang='lat' dir='ltr'>spiritum</span> <span class='ocrx_word' id='word_1_116' title='bbox 617 1568 748 1626; x_wconf 89' lang='lat' dir='ltr'>seuotum</span> <span class='ocrx_word' id='word_1_117' title='bbox 768 1565 917 1639; x_wconf 84' lang='lat' dir='ltr'>aoeiperet.</span> <span class='ocrx_word' id='word_1_118' title='bbox 944 1565 1020 1640; x_wconf 85' lang='lat' dir='ltr'>quod</span> <span class='ocrx_word' id='word_1_119' title='bbox 1035 1565 1062 1624; x_wconf 91' lang='lat' dir='ltr'>ei</span> <span class='ocrx_word' id='word_1_120' title='bbox 1075 1565 1130 1624; x_wconf 90' lang='lat' dir='ltr'>hoo</span> <span class='ocrx_word' id='word_1_121' title='bbox 1144 1565 1274 1624; x_wconf 81' lang='lat' dir='ltr'>admittis</span> <span class='ocrx_word' id='word_1_122' title='bbox 1296 1567 1327 1625; x_wconf 83' lang='lat' dir='ltr'>et</span> <span class='ocrx_word' id='word_1_123' title='bbox 1341 1565 1468 1625; x_wconf 76' lang='lat' dir='ltr'>emutare</span> <span class='ocrx_word' id='word_1_124' title='bbox 1483 1580 1545 1625; x_wconf 86' lang='lat' dir='ltr'>sese</span> 
     </span>
     <span class='ocr_line' id='line_1_14' title="bbox 416 1665 1545 1742; baseline -0.002 -14"><span class='ocrx_word' id='word_1_125' title='bbox 416 1667 509 1728; x_wconf 82' lang='lat' dir='ltr'>orodis</span> <span class='ocrx_word' id='word_1_126' title='bbox 524 1685 576 1728; x_wconf 88' lang='lat' dir='ltr'>neo</span> <span class='ocrx_word' id='word_1_127' title='bbox 592 1667 719 1742; x_wconf 88' lang='lat' dir='ltr'>opinioni</span> <span class='ocrx_word' id='word_1_128' title='bbox 731 1667 857 1734; x_wconf 85' lang='lat' dir='ltr'>omnium</span> <span class='ocrx_word' id='word_1_129' title='bbox 868 1666 997 1727; x_wconf 82' lang='lat' dir='ltr'>fidelium</span> <span class='ocrx_word' id='word_1_130' title='bbox 1007 1665 1175 1742; x_wconf 77' lang='lat' dir='ltr'>refragaris,</span> <span class='ocrx_word' id='word_1_131' title='bbox 1190 1681 1308 1727; x_wconf 84' lang='lat' dir='ltr'>neeesse</span> <span class='ocrx_word' id='word_1_132' title='bbox 1319 1667 1364 1726; x_wconf 82' lang='lat' dir='ltr'>eet</span> <span class='ocrx_word' id='word_1_133' title='bbox 1374 1666 1545 1741; x_wconf 86' lang='lat' dir='ltr'>oonfltoarie‚</span> 
     </span>
     <span class='ocr_line' id='line_1_15' title="bbox 410 1767 1546 1844; baseline -0.002 -16"><span class='ocrx_word' id='word_1_134' title='bbox 410 1769 532 1844; x_wconf 85' lang='lat' dir='ltr'>proinde</span> <span class='ocrx_word' id='word_1_135' title='bbox 553 1771 649 1830; x_wconf 89' lang='lat' dir='ltr'>autem</span> <span class='ocrx_word' id='word_1_136' title='bbox 669 1770 756 1844; x_wconf 88' lang='lat' dir='ltr'>utque</span> <span class='ocrx_word' id='word_1_137' title='bbox 776 1770 831 1829; x_wconf 89' lang='lat' dir='ltr'>hoo</span> <span class='ocrx_word' id='word_1_138' title='bbox 851 1767 939 1828; x_wconf 81' lang='lat' dir='ltr'>letius</span> <span class='ocrx_word' id='word_1_139' title='bbox 964 1769 1090 1829; x_wconf 84' lang='lat' dir='ltr'>traetetu</span> <span class='ocrx_word' id='word_1_140' title='bbox 1112 1767 1250 1842; x_wconf 85' lang='lat' dir='ltr'>proeedit,</span> <span class='ocrx_word' id='word_1_141' title='bbox 1274 1767 1362 1828; x_wconf 87' lang='lat' dir='ltr'>etiam</span> <span class='ocrx_word' id='word_1_142' title='bbox 1378 1767 1452 1828; x_wconf 85' lang='lat' dir='ltr'>illuu</span> <span class='ocrx_word' id='word_1_143' title='bbox 1465 1767 1546 1828; x_wconf 82' lang='lat' dir='ltr'>uliud</span> 
     </span>
     <span class='ocr_line' id='line_1_16' title="bbox 412 1869 1580 1945; baseline 0 -16"><span class='ocrx_word' id='word_1_144' title='bbox 412 1871 503 1930; x_wconf 84' lang='lat' dir='ltr'>letius</span> <span class='ocrx_word' id='word_1_145' title='bbox 528 1888 613 1944; x_wconf 90' lang='lat' dir='ltr'>posse</span> <span class='ocrx_word' id='word_1_146' title='bbox 639 1871 804 1943; x_wconf 86' lang='lat' dir='ltr'>oonsietere‚</span> <span class='ocrx_word' id='word_1_147' title='bbox 836 1869 867 1930; x_wconf 85' lang='lat' dir='ltr'>iu</span> <span class='ocrx_word' id='word_1_148' title='bbox 889 1874 934 1930; x_wconf 83' lang='lat' dir='ltr'>est</span> <span class='ocrx_word' id='word_1_149' title='bbox 959 1873 993 1930; x_wconf 93' lang='lat' dir='ltr'>ut</span> <span class='ocrx_word' id='word_1_150' title='bbox 1012 1886 1064 1945; x_wconf 93' lang='lat' dir='ltr'>per</span> <span class='ocrx_word' id='word_1_151' title='bbox 1089 1871 1181 1931; x_wconf 90' lang='lat' dir='ltr'>solam</span> <span class='ocrx_word' id='word_1_152' title='bbox 1206 1887 1308 1930; x_wconf 88' lang='lat' dir='ltr'>manus</span> <span class='ocrx_word' id='word_1_153' title='bbox 1334 1869 1544 1944; x_wconf 90' lang='lat' dir='ltr'>impositionem</span> <span class='ocrx_word' id='word_1_154' title='bbox 1556 1889 1580 1929; x_wconf 82' lang='grc' dir='ltr'>ιο</span> 
     </span>
     <span class='ocr_line' id='line_1_17' title="bbox 412 1969 1545 2047; baseline -0.001 -16"><span class='ocrx_word' id='word_1_155' title='bbox 412 1972 550 2047; x_wconf 86' lang='lat' dir='ltr'>episeopi‚</span> <span class='ocrx_word' id='word_1_156' title='bbox 574 1973 643 2046; x_wconf 89' lang='lat' dir='ltr'>qnia</span> <span class='ocrx_word' id='word_1_157' title='bbox 663 1971 808 2046; x_wconf 87' lang='lat' dir='ltr'>bsptiema</span> <span class='ocrx_word' id='word_1_158' title='bbox 827 1971 858 2030; x_wconf 89' lang='lat' dir='ltr'>in</span> <span class='ocrx_word' id='word_1_159' title='bbox 878 1971 990 2030; x_wconf 85' lang='lat' dir='ltr'>nomine</span> <span class='ocrx_word' id='word_1_160' title='bbox 1010 1972 1077 2031; x_wconf 89' lang='lat' dir='ltr'>Iesu</span> <span class='ocrx_word' id='word_1_161' title='bbox 1098 1969 1207 2030; x_wconf 77' lang='lat' dir='ltr'>Christi</span> <span class='ocrx_word' id='word_1_162' title='bbox 1229 1970 1343 2031; x_wconf 87' lang='lat' dir='ltr'>Domini</span> <span class='ocrx_word' id='word_1_163' title='bbox 1357 1970 1449 2030; x_wconf 87' lang='lat' dir='ltr'>uestri</span> <span class='ocrx_word' id='word_1_164' title='bbox 1463 1987 1545 2044; x_wconf 89' lang='lat' dir='ltr'>prae·</span> 
     </span>
     <span class='ocr_line' id='line_1_18' title="bbox 411 2071 1546 2148; baseline -0.002 -14"><span class='ocrx_word' id='word_1_165' title='bbox 411 2074 509 2145; x_wconf 89' lang='lat' dir='ltr'>oessit,</span> <span class='ocrx_word' id='word_1_166' title='bbox 536 2074 628 2147; x_wconf 88' lang='lat' dir='ltr'>possit</span> <span class='ocrx_word' id='word_1_167' title='bbox 653 2073 711 2134; x_wconf 90' lang='lat' dir='ltr'>alio</span> <span class='ocrx_word' id='word_1_168' title='bbox 737 2073 846 2134; x_wconf 88' lang='lat' dir='ltr'>homiui</span> <span class='ocrx_word' id='word_1_169' title='bbox 870 2072 1027 2148; x_wconf 86' lang='lat' dir='ltr'>paenitenti</span> <span class='ocrx_word' id='word_1_170' title='bbox 1052 2075 1139 2146; x_wconf 83' lang='lat' dir='ltr'>atque</span> <span class='ocrx_word' id='word_1_171' title='bbox 1163 2073 1290 2133; x_wconf 85' lang='lat' dir='ltr'>eredenti</span> <span class='ocrx_word' id='word_1_172' title='bbox 1315 2071 1402 2132; x_wconf 86' lang='lat' dir='ltr'>etiem</span> <span class='ocrx_word' id='word_1_173' title='bbox 1427 2072 1546 2146; x_wconf 85' lang='lat' dir='ltr'>spiritus</span> 
     </span>
     <span class='ocr_line' id='line_1_19' title="bbox 412 2172 1546 2248; baseline -0.003 -15"><span class='ocrx_word' id='word_1_174' title='bbox 412 2178 530 2234; x_wconf 86' lang='lat' dir='ltr'>sanetus</span> <span class='ocrx_word' id='word_1_175' title='bbox 545 2173 645 2245; x_wconf 85' lang='lat' dir='ltr'>tribui,</span> <span class='ocrx_word' id='word_1_176' title='bbox 662 2175 796 2248; x_wconf 80' lang='lat' dir='ltr'>quoniam</span> <span class='ocrx_word' id='word_1_177' title='bbox 811 2175 924 2248; x_wconf 85' lang='lat' dir='ltr'>eosqui</span> <span class='ocrx_word' id='word_1_178' title='bbox 939 2175 970 2233; x_wconf 91' lang='lat' dir='ltr'>in</span> <span class='ocrx_word' id='word_1_179' title='bbox 984 2173 1131 2232; x_wconf 79' lang='lat' dir='ltr'>Christum</span> <span class='ocrx_word' id='word_1_180' title='bbox 1145 2173 1284 2232; x_wconf 77' lang='lat' dir='ltr'>credituri</span> <span class='ocrx_word' id='word_1_181' title='bbox 1295 2175 1391 2232; x_wconf 87' lang='lat' dir='ltr'>esseut</span> <span class='ocrx_word' id='word_1_182' title='bbox 1402 2172 1546 2246; x_wconf 79' lang='lat' dir='ltr'>scriptura</span> 
     </span>
     <span class='ocr_line' id='line_1_20' title="bbox 415 2273 1545 2351; baseline -0.001 -17"><span class='ocrx_word' id='word_1_183' title='bbox 415 2276 517 2334; x_wconf 86' lang='lat' dir='ltr'>saneta</span> <span class='ocrx_word' id='word_1_184' title='bbox 530 2275 676 2348; x_wconf 76' lang='lat' dir='ltr'>praedixit</span> <span class='ocrx_word' id='word_1_185' title='bbox 689 2280 821 2350; x_wconf 89' lang='lat' dir='ltr'>oportere</span> <span class='ocrx_word' id='word_1_186' title='bbox 835 2275 866 2335; x_wconf 91' lang='lat' dir='ltr'>iu</span> <span class='ocrx_word' id='word_1_187' title='bbox 881 2275 985 2351; x_wconf 85' lang='lat' dir='ltr'>spiritu</span> <span class='ocrx_word' id='word_1_188' title='bbox 997 2274 1151 2348; x_wconf 82' lang='lat' dir='ltr'>baptizari,</span> <span class='ocrx_word' id='word_1_189' title='bbox 1166 2274 1209 2335; x_wconf 86' lang='lat' dir='ltr'>its</span> <span class='ocrx_word' id='word_1_190' title='bbox 1224 2277 1257 2333; x_wconf 89' lang='lat' dir='ltr'>ut</span> <span class='ocrx_word' id='word_1_191' title='bbox 1272 2278 1301 2335; x_wconf 84' lang='lat' dir='ltr'>ei</span> <span class='ocrx_word' id='word_1_192' title='bbox 1315 2273 1348 2334; x_wconf 89' lang='lat' dir='ltr'>hi</span> <span class='ocrx_word' id='word_1_193' title='bbox 1362 2290 1474 2349; x_wconf 88' lang='lat' dir='ltr'>quoque</span> <span class='ocrx_word' id='word_1_194' title='bbox 1488 2290 1545 2333; x_wconf 91' lang='lat' dir='ltr'>uon</span> 
     </span>
     <span class='ocr_line' id='line_1_21' title="bbox 411 2375 1580 2452; baseline 0.001 -19"><span class='ocrx_word' id='word_1_195' title='bbox 411 2375 566 2436; x_wconf 87' lang='lat' dir='ltr'>uideantur</span> <span class='ocrx_word' id='word_1_196' title='bbox 580 2376 675 2436; x_wconf 89' lang='lat' dir='ltr'>miuus</span> <span class='ocrx_word' id='word_1_197' title='bbox 690 2377 802 2451; x_wconf 79' lang='lat' dir='ltr'>aliquid</span> <span class='ocrx_word' id='word_1_198' title='bbox 816 2379 921 2438; x_wconf 86' lang='lat' dir='ltr'>hebere</span> <span class='ocrx_word' id='word_1_199' title='bbox 937 2395 1021 2451; x_wconf 83' lang='lat' dir='ltr'>quem</span> <span class='ocrx_word' id='word_1_200' title='bbox 1037 2377 1082 2436; x_wconf 90' lang='lat' dir='ltr'>illi</span> <span class='ocrx_word' id='word_1_201' title='bbox 1097 2377 1147 2452; x_wconf 88' lang='lat' dir='ltr'>qui</span> <span class='ocrx_word' id='word_1_202' title='bbox 1161 2377 1283 2450; x_wconf 88' lang='lat' dir='ltr'>perieoti</span> <span class='ocrx_word' id='word_1_203' title='bbox 1297 2379 1367 2435; x_wconf 89' lang='lat' dir='ltr'>suut</span> <span class='ocrx_word' id='word_1_204' title='bbox 1381 2375 1541 2448; x_wconf 84' lang='lat' dir='ltr'>ohristiaui‚</span> <span class='ocrx_word' id='word_1_205' title='bbox 1553 2393 1580 2434; x_wconf 81' lang='grc' dir='ltr'>ιο</span> 
     </span>
     <span class='ocr_line' id='line_1_22' title="bbox 411 2476 1544 2553; baseline 0.001 -18"><span class='ocrx_word' id='word_1_206' title='bbox 411 2493 464 2536; x_wconf 90' lang='lat' dir='ltr'>neo</span> <span class='ocrx_word' id='word_1_207' title='bbox 487 2493 606 2537; x_wconf 88' lang='lat' dir='ltr'>neeesse</span> <span class='ocrx_word' id='word_1_208' title='bbox 627 2479 667 2537; x_wconf 86' lang='lat' dir='ltr'>sit</span> <span class='ocrx_word' id='word_1_209' title='bbox 688 2479 787 2552; x_wconf 87' lang='lat' dir='ltr'>quaeri</span> <span class='ocrx_word' id='word_1_210' title='bbox 808 2479 893 2552; x_wconf 86' lang='lat' dir='ltr'>quale</span> <span class='ocrx_word' id='word_1_211' title='bbox 916 2479 989 2537; x_wconf 88' lang='lat' dir='ltr'>illud</span> <span class='ocrx_word' id='word_1_212' title='bbox 1008 2478 1149 2553; x_wconf 85' lang='lat' dir='ltr'>baptisma</span> <span class='ocrx_word' id='word_1_213' title='bbox 1171 2477 1260 2537; x_wconf 83' lang='lat' dir='ltr'>inerit</span> <span class='ocrx_word' id='word_1_214' title='bbox 1280 2477 1356 2552; x_wconf 84' lang='lat' dir='ltr'>quod</span> <span class='ocrx_word' id='word_1_215' title='bbox 1378 2476 1408 2535; x_wconf 91' lang='lat' dir='ltr'>iu</span> <span class='ocrx_word' id='word_1_216' title='bbox 1432 2477 1544 2537; x_wconf 90' lang='lat' dir='ltr'>nomine</span> 
     </span>
     <span class='ocr_line' id='line_1_23' title="bbox 410 2579 1544 2653; baseline 0.001 -16"><span class='ocrx_word' id='word_1_217' title='bbox 410 2579 479 2639; x_wconf 86' lang='lat' dir='ltr'>Iesu</span> <span class='ocrx_word' id='word_1_218' title='bbox 494 2579 602 2638; x_wconf 74' lang='lat' dir='ltr'>Christi</span> <span class='ocrx_word' id='word_1_219' title='bbox 623 2581 692 2638; x_wconf 81' lang='lat' dir='ltr'>suut</span> <span class='ocrx_word' id='word_1_220' title='bbox 716 2579 871 2640; x_wconf 86' lang='lat' dir='ltr'>oonseouti.</span> <span class='ocrx_word' id='word_1_221' title='bbox 895 2579 951 2640; x_wconf 88' lang='lat' dir='ltr'>uisi</span> <span class='ocrx_word' id='word_1_222' title='bbox 966 2579 1041 2640; x_wconf 78' lang='lat' dir='ltr'>torte</span> <span class='ocrx_word' id='word_1_223' title='bbox 1056 2579 1153 2639; x_wconf 88' lang='lat' dir='ltr'>inille</span> <span class='ocrx_word' id='word_1_224' title='bbox 1178 2596 1290 2653; x_wconf 86' lang='lat' dir='ltr'>quoque</span> <span class='ocrx_word' id='word_1_225' title='bbox 1306 2579 1452 2652; x_wconf 87' lang='lat' dir='ltr'>superiore</span> <span class='ocrx_word' id='word_1_226' title='bbox 1467 2581 1544 2638; x_wconf 86' lang='lat' dir='ltr'>trao-</span> 
     </span>
     <span class='ocr_line' id='line_1_24' title="bbox 409 2678 1544 2756; baseline -0.002 -16"><span class='ocrx_word' id='word_1_227' title='bbox 409 2683 475 2740; x_wconf 87' lang='lat' dir='ltr'>tatu</span> <span class='ocrx_word' id='word_1_228' title='bbox 500 2681 577 2742; x_wconf 84' lang='lat' dir='ltr'>eirca</span> <span class='ocrx_word' id='word_1_229' title='bbox 598 2697 647 2740; x_wconf 90' lang='lat' dir='ltr'>eoe</span> <span class='ocrx_word' id='word_1_230' title='bbox 668 2681 718 2756; x_wconf 87' lang='lat' dir='ltr'>qui</span> <span class='ocrx_word' id='word_1_231' title='bbox 744 2682 857 2741; x_wconf 85' lang='lat' dir='ltr'>tentum</span> <span class='ocrx_word' id='word_1_232' title='bbox 881 2681 963 2741; x_wconf 85' lang='lat' dir='ltr'>modo</span> <span class='ocrx_word' id='word_1_233' title='bbox 992 2681 1023 2741; x_wconf 93' lang='lat' dir='ltr'>in</span> <span class='ocrx_word' id='word_1_234' title='bbox 1044 2680 1160 2742; x_wconf 89' lang='lat' dir='ltr'>nomine</span> <span class='ocrx_word' id='word_1_235' title='bbox 1181 2681 1290 2740; x_wconf 77' lang='lat' dir='ltr'>christi</span> <span class='ocrx_word' id='word_1_236' title='bbox 1312 2681 1380 2739; x_wconf 87' lang='lat' dir='ltr'>Iesu</span> <span class='ocrx_word' id='word_1_237' title='bbox 1405 2678 1544 2755; x_wconf 81' lang='lat' dir='ltr'>baptizati</span> 
     </span>
     <span class='ocr_line' id='line_1_25' title="bbox 406 2781 1543 2857; baseline 0 -17"><span class='ocrx_word' id='word_1_238' title='bbox 406 2781 517 2841; x_wconf 83' lang='lat' dir='ltr'>fuerint</span> <span class='ocrx_word' id='word_1_239' title='bbox 537 2784 651 2842; x_wconf 88' lang='lat' dir='ltr'>stetuas</span> <span class='ocrx_word' id='word_1_240' title='bbox 671 2784 758 2842; x_wconf 89' lang='lat' dir='ltr'>etiam</span> <span class='ocrx_word' id='word_1_241' title='bbox 773 2783 835 2842; x_wconf 90' lang='lat' dir='ltr'>sine</span> <span class='ocrx_word' id='word_1_242' title='bbox 849 2781 954 2856; x_wconf 88' lang='lat' dir='ltr'>spiritu</span> <span class='ocrx_word' id='word_1_243' title='bbox 968 2784 1067 2843; x_wconf 71' lang='lat' dir='ltr'>muoto</span> <span class='ocrx_word' id='word_1_244' title='bbox 1081 2798 1166 2857; x_wconf 90' lang='lat' dir='ltr'>posse</span> <span class='ocrx_word' id='word_1_245' title='bbox 1182 2783 1280 2842; x_wconf 88' lang='lat' dir='ltr'>eeluos</span> <span class='ocrx_word' id='word_1_246' title='bbox 1296 2781 1368 2854; x_wconf 86' lang='lat' dir='ltr'>fleri,</span> <span class='ocrx_word' id='word_1_247' title='bbox 1385 2784 1469 2855; x_wconf 67' lang='lat' dir='ltr'>&#39;suut</span> <span class='ocrx_word' id='word_1_248' title='bbox 1487 2799 1543 2842; x_wconf 91' lang='lat' dir='ltr'>non</span> 
     </span>
     <span class='ocr_line' id='line_1_26' title="bbox 408 2882 1579 2959; baseline 0.002 -17"><span class='ocrx_word' id='word_1_249' title='bbox 408 2882 464 2942; x_wconf 88' lang='lat' dir='ltr'>heo</span> <span class='ocrx_word' id='word_1_250' title='bbox 490 2883 554 2943; x_wconf 90' lang='lat' dir='ltr'>sola</span> <span class='ocrx_word' id='word_1_251' title='bbox 577 2883 698 2957; x_wconf 84' lang='lat' dir='ltr'>ratione,</span> <span class='ocrx_word' id='word_1_252' title='bbox 725 2883 777 2944; x_wconf 85' lang='lat' dir='ltr'>sed</span> <span class='ocrx_word' id='word_1_253' title='bbox 799 2885 896 2958; x_wconf 91' lang='lat' dir='ltr'>siper</span> <span class='ocrx_word' id='word_1_254' title='bbox 916 2901 1017 2944; x_wconf 88' lang='lat' dir='ltr'>manus</span> <span class='ocrx_word' id='word_1_255' title='bbox 1041 2883 1254 2959; x_wconf 79' lang='lat' dir='ltr'>impositionem</span> <span class='ocrx_word' id='word_1_256' title='bbox 1269 2883 1394 2958; x_wconf 87' lang='lat' dir='ltr'>episeopi</span> <span class='ocrx_word' id='word_1_257' title='bbox 1409 2883 1543 2957; x_wconf 90' lang='lat' dir='ltr'>spiritum</span> <span class='ocrx_word' id='word_1_258' title='bbox 1553 2903 1579 2944; x_wconf 79' lang='lat' dir='ltr'>rs</span> 
     </span>
     <span class='ocr_line' id='line_1_27' title="bbox 304 2985 1544 3062; baseline 0.002 -19"><span class='ocrx_word' id='word_1_259' title='bbox 304 2993 306 2998; x_wconf 82' lang='grc'>’</span> <span class='ocrx_word' id='word_1_260' title='bbox 410 2987 543 3044; x_wconf 86' lang='lat' dir='ltr'>sanetum</span> <span class='ocrx_word' id='word_1_261' title='bbox 558 3002 712 3047; x_wconf 87' lang='lat' dir='ltr'>ooneueeee</span> <span class='ocrx_word' id='word_1_262' title='bbox 733 2986 875 3062; x_wconf 76' lang='lat' dir='ltr'>praestari</span> <span class='ocrx_word' id='word_1_263' title='bbox 896 2986 1049 3046; x_wconf 87' lang='lat' dir='ltr'>autetiam</span> <span class='ocrx_word' id='word_1_264' title='bbox 1065 3003 1123 3046; x_wconf 93' lang='lat' dir='ltr'>uon</span> <span class='ocrx_word' id='word_1_265' title='bbox 1139 2985 1302 3060; x_wconf 87' lang='lat' dir='ltr'>episeopum</span> <span class='ocrx_word' id='word_1_266' title='bbox 1316 2985 1396 3046; x_wconf 85' lang='lat' dir='ltr'>dieas</span> <span class='ocrx_word' id='word_1_267' title='bbox 1410 2985 1544 3060; x_wconf 87' lang='lat' dir='ltr'>spiritum</span> 
     </span>
     <span class='ocr_line' id='line_1_28' title="bbox 409 3087 877 3163; baseline 0.006 -18"><span class='ocrx_word' id='word_1_268' title='bbox 409 3089 540 3146; x_wconf 86' lang='lat' dir='ltr'>sanetum</span> <span class='ocrx_word' id='word_1_269' title='bbox 556 3087 673 3146; x_wconf 88' lang='lat' dir='ltr'>solitum</span> <span class='ocrx_word' id='word_1_270' title='bbox 688 3103 751 3148; x_wconf 90' lang='lat' dir='ltr'>esse</span> <span class='ocrx_word' id='word_1_271' title='bbox 766 3087 877 3163; x_wconf 70' lang='lat' dir='ltr'>largiri.</span> 
     </span>
     <span class='ocr_line' id='line_1_29' title="bbox 379 3187 1545 3265; baseline 0.004 -18"><span class='ocrx_word' id='word_1_272' title='bbox 379 3193 398 3254; x_wconf 88' lang='lat'>5</span> <span class='ocrx_word' id='word_1_273' title='bbox 452 3187 535 3258; x_wconf 80' lang='lat' dir='ltr'>Quod</span> <span class='ocrx_word' id='word_1_274' title='bbox 557 3188 583 3248; x_wconf 89' lang='lat' dir='ltr'>si</span> <span class='ocrx_word' id='word_1_275' title='bbox 604 3188 647 3249; x_wconf 86' lang='lat' dir='ltr'>ite</span> <span class='ocrx_word' id='word_1_276' title='bbox 667 3192 712 3249; x_wconf 85' lang='lat' dir='ltr'>est</span> <span class='ocrx_word' id='word_1_277' title='bbox 727 3191 757 3250; x_wconf 91' lang='lat' dir='ltr'>et</span> <span class='ocrx_word' id='word_1_278' title='bbox 777 3193 873 3265; x_wconf 82' lang='lat' dir='ltr'>potest</span> <span class='ocrx_word' id='word_1_279' title='bbox 896 3190 1005 3264; x_wconf 84' lang='lat' dir='ltr'>aliquid</span> <span class='ocrx_word' id='word_1_280' title='bbox 1029 3191 1129 3252; x_wconf 90' lang='lat' dir='ltr'>horum</span> <span class='ocrx_word' id='word_1_281' title='bbox 1151 3192 1286 3252; x_wconf 88' lang='lat' dir='ltr'>eueniem</span> <span class='ocrx_word' id='word_1_282' title='bbox 1300 3191 1422 3253; x_wconf 88' lang='lat' dir='ltr'>sulutem</span> <span class='ocrx_word' id='word_1_283' title='bbox 1436 3192 1545 3254; x_wconf 88' lang='lat' dir='ltr'>homini</span> 
     </span>
     <span class='ocr_line' id='line_1_30' title="bbox 409 3289 1543 3368; baseline 0.004 -18"><span class='ocrx_word' id='word_1_284' title='bbox 409 3289 538 3350; x_wconf 80' lang='lat' dir='ltr'>medenti</span> <span class='ocrx_word' id='word_1_285' title='bbox 554 3307 610 3350; x_wconf 92' lang='lat' dir='ltr'>non</span> <span class='ocrx_word' id='word_1_286' title='bbox 625 3292 798 3365; x_wconf 76' lang='lat' dir='ltr'>praeripere,</span> <span class='ocrx_word' id='word_1_287' title='bbox 813 3295 847 3351; x_wconf 90' lang='lat' dir='ltr'>tu</span> <span class='ocrx_word' id='word_1_288' title='bbox 861 3309 973 3366; x_wconf 88' lang='lat' dir='ltr'>quoque</span> <span class='ocrx_word' id='word_1_289' title='bbox 987 3293 1049 3367; x_wconf 86' lang='lat' dir='ltr'>ipse</span> <span class='ocrx_word' id='word_1_290' title='bbox 1064 3293 1168 3353; x_wconf 87' lang='lat' dir='ltr'>annuis</span> <span class='ocrx_word' id='word_1_291' title='bbox 1183 3293 1316 3368; x_wconf 86' lang='lat' dir='ltr'>quoniam</span> <span class='ocrx_word' id='word_1_292' title='bbox 1330 3295 1412 3356; x_wconf 86' lang='lat' dir='ltr'>modo</span> <span class='ocrx_word' id='word_1_293' title='bbox 1428 3295 1543 3354; x_wconf 82' lang='lat' dir='ltr'>dimidi-</span> 
     </span>
    </p>
   </div>
   <div class='ocr_carea' id='block_1_3' title="bbox 407 3390 1578 3572">
    <p class='ocr_par' dir='ltr' id='par_1_3' title="bbox 407 3390 1578 3572">
     <span class='ocr_line' id='line_1_31' title="bbox 407 3390 1578 3472; baseline 0.003 -22"><span class='ocrx_word' id='word_1_294' title='bbox 407 3393 488 3451; x_wconf 86' lang='lat' dir='ltr'>atum</span> <span class='ocrx_word' id='word_1_295' title='bbox 513 3394 544 3452; x_wconf 88' lang='lat' dir='ltr'>et</span> <span class='ocrx_word' id='word_1_296' title='bbox 571 3407 628 3451; x_wconf 91' lang='lat' dir='ltr'>uon</span> <span class='ocrx_word' id='word_1_297' title='bbox 654 3395 687 3450; x_wconf 86' lang='lat' dir='ltr'>ut</span> <span class='ocrx_word' id='word_1_298' title='bbox 712 3390 860 3454; x_wconf 85' lang='lat' dir='ltr'>oontendis</span> <span class='ocrx_word' id='word_1_299' title='bbox 885 3395 1110 3454; x_wconf 89' lang='lat' dir='ltr'>ooneummetum</span> <span class='ocrx_word' id='word_1_300' title='bbox 1135 3395 1304 3472; x_wconf 83' lang='lat' dir='ltr'>mysterium</span> <span class='ocrx_word' id='word_1_301' title='bbox 1329 3395 1405 3469; x_wconf 83' lang='lat' dir='ltr'>fidei,</span> <span class='ocrx_word' id='word_1_302' title='bbox 1431 3395 1461 3454; x_wconf 84' lang='lat' dir='ltr'>ei</span> <span class='ocrx_word' id='word_1_303' title='bbox 1485 3413 1578 3471; x_wconf 80' lang='lat' dir='ltr'>quaro</span> 
     </span>
     <span class='ocr_line' id='line_1_32' title="bbox 408 3493 1542 3572; baseline 0.004 -19"><span class='ocrx_word' id='word_1_304' title='bbox 408 3493 570 3555; x_wconf 89' lang='lat' dir='ltr'>ueoeeeitas</span> <span class='ocrx_word' id='word_1_305' title='bbox 590 3493 758 3568; x_wconf 85' lang='lat' dir='ltr'>interuenit,</span> <span class='ocrx_word' id='word_1_306' title='bbox 780 3496 903 3556; x_wconf 81' lang='lat' dir='ltr'>sulutem</span> <span class='ocrx_word' id='word_1_307' title='bbox 925 3495 1050 3556; x_wconf 83' lang='lat' dir='ltr'>adimere</span> <span class='ocrx_word' id='word_1_308' title='bbox 1070 3514 1127 3556; x_wconf 90' lang='lat' dir='ltr'>nou</span> <span class='ocrx_word' id='word_1_309' title='bbox 1151 3513 1235 3571; x_wconf 88' lang='lat' dir='ltr'>posse</span> <span class='ocrx_word' id='word_1_310' title='bbox 1256 3497 1383 3559; x_wconf 85' lang='lat' dir='ltr'>eredenti</span> <span class='ocrx_word' id='word_1_311' title='bbox 1397 3501 1428 3558; x_wconf 86' lang='lat' dir='ltr'>et</span> <span class='ocrx_word' id='word_1_312' title='bbox 1441 3499 1542 3572; x_wconf 85' lang='lat' dir='ltr'>paeni·</span> 
     </span>
    </p>
   </div>
   <div class='ocr_carea' id='block_1_4' title="bbox 404 3811 1542 4132">
    <p class='ocr_par' dir='ltr' id='par_1_4' title="bbox 404 3811 1542 4132">
     <span class='ocr_line' id='line_1_33' title="bbox 477 3811 1506 3887; baseline 0.006 -23"><span class='ocrx_word' id='word_1_313' title='bbox 477 3811 494 3864; x_wconf 93' lang='lat'>1</span> <span class='ocrx_word' id='word_1_314' title='bbox 507 3811 635 3879; x_wconf 84' lang='lat' dir='ltr'>quoniam</span> <span class='ocrx_word' id='word_1_315' title='bbox 648 3811 693 3866; x_wconf 91' lang='lat' dir='ltr'>uel</span> <span class='ocrx_word' id='word_1_316' title='bbox 703 3811 812 3880; x_wconf 72' lang='lat' dir='ltr'>scripsi,</span> <span class='ocrx_word' id='word_1_317' title='bbox 823 3811 868 3866; x_wconf 92' lang='lat' dir='ltr'>uel</span> <span class='ocrx_word' id='word_1_318' title='bbox 880 3813 1004 3881; x_wconf 84' lang='lat' dir='ltr'>quoniam</span> <span class='ocrx_word' id='word_1_319' title='bbox 1016 3813 1083 3878; x_wconf 79' lang='lat' dir='ltr'>aod..</span> <span class='ocrx_word' id='word_1_320' title='bbox 1096 3814 1224 3883; x_wconf 84' lang='lat' dir='ltr'>quonium</span> <span class='ocrx_word' id='word_1_321' title='bbox 1236 3815 1301 3886; x_wconf 67' lang='lat'><em>1359.</em></span> <span class='ocrx_word' id='word_1_322' title='bbox 1346 3816 1434 3885; x_wconf 82' lang='lat' dir='ltr'>aliqui</span> <span class='ocrx_word' id='word_1_323' title='bbox 1445 3815 1506 3887; x_wconf 72' lang='lat' dir='ltr'>Rip.</span> 
     </span>
     <span class='ocr_line' id='line_1_34' title="bbox 407 3896 1542 3973; baseline 0.008 -24"><span class='ocrx_word' id='word_1_324' title='bbox 407 3896 440 3950; x_wconf 94' lang='lat'>11</span> <span class='ocrx_word' id='word_1_325' title='bbox 464 3909 629 3964; x_wconf 85' lang='lat' dir='ltr'>quamquem</span> <span class='ocrx_word' id='word_1_326' title='bbox 653 3899 724 3952; x_wconf 75' lang='grc' dir='ltr'><strong>οοοοί.</strong></span> <span class='ocrx_word' id='word_1_327' title='bbox 748 3897 840 3952; x_wconf 67' lang='lat' dir='ltr'>mdo</span> <span class='ocrx_word' id='word_1_328' title='bbox 862 3897 933 3966; x_wconf 73' lang='lat' dir='ltr'>pais,</span> <span class='ocrx_word' id='word_1_329' title='bbox 955 3900 1081 3966; x_wconf 86' lang='lat' dir='ltr'>quoniam</span> <span class='ocrx_word' id='word_1_330' title='bbox 1103 3898 1161 3955; x_wconf 74' lang='lat' dir='ltr'>ooai</span> <span class='ocrx_word' id='word_1_331' title='bbox 1180 3905 1239 3955; x_wconf 83' lang='lat' dir='ltr'>eto</span> <span class='ocrx_word' id='word_1_332' title='bbox 1376 3901 1411 3956; x_wconf 81' lang='lat'>21</span> <span class='ocrx_word' id='word_1_333' title='bbox 1433 3904 1490 3973; x_wconf 88' lang='lat' dir='ltr'>neo]</span> <span class='ocrx_word' id='word_1_334' title='bbox 1508 3919 1542 3958; x_wconf 89' lang='lat' dir='ltr'>ne</span> 
     </span>
     <span class='ocr_line' id='line_1_35' title="bbox 404 3980 1541 4057; baseline 0.007 -21"><span class='ocrx_word' id='word_1_335' title='bbox 404 3980 467 4052; x_wconf 65' lang='lat' dir='ltr'>len</span> <span class='ocrx_word' id='word_1_336' title='bbox 593 3981 627 4036; x_wconf 71' lang='lat' dir='ltr'>ui</span> <span class='ocrx_word' id='word_1_337' title='bbox 646 3983 734 4036; x_wconf 90' lang='lat' dir='ltr'>solum</span> <span class='ocrx_word' id='word_1_338' title='bbox 751 3981 812 4054; x_wconf 66' lang='lat' dir='ltr'>Rip.</span> <span class='ocrx_word' id='word_1_339' title='bbox 936 3983 971 4036; x_wconf 81' lang='lat'>29</span> <span class='ocrx_word' id='word_1_340' title='bbox 989 3985 1115 4052; x_wconf 83' lang='lat' dir='ltr'>quoniam</span> <span class='ocrx_word' id='word_1_341' title='bbox 1132 3985 1221 4057; x_wconf 83' lang='lat' dir='ltr'>mode]</span> <span class='ocrx_word' id='word_1_342' title='bbox 1240 4002 1357 4056; x_wconf 88' lang='lat' dir='ltr'>quonam</span> <span class='ocrx_word' id='word_1_343' title='bbox 1373 3987 1453 4043; x_wconf 87' lang='lat' dir='ltr'>modo</span> <span class='ocrx_word' id='word_1_344' title='bbox 1469 3988 1541 4044; x_wconf 75' lang='lat' dir='ltr'>oeni.</span> 
     </span>
     <span class='ocr_line' id='line_1_36' title="bbox 409 4064 1540 4132; baseline 0.007 -12"><span class='ocrx_word' id='word_1_345' title='bbox 409 4064 595 4132; x_wconf 66' lang='lat' dir='ltr'>Galloudiam</span> <span class='ocrx_word' id='word_1_346' title='bbox 622 4082 676 4122; x_wconf 91' lang='lat' dir='ltr'>uon</span> <span class='ocrx_word' id='word_1_347' title='bbox 693 4067 771 4122; x_wconf 89' lang='lat' dir='ltr'>ruodo</span> <span class='ocrx_word' id='word_1_348' title='bbox 793 4067 965 4124; x_wconf 81' lang='lat' dir='ltr'>dimidiatum</span> <span class='ocrx_word' id='word_1_349' title='bbox 982 4071 1015 4124; x_wconf 89' lang='lat' dir='ltr'>ut</span> <span class='ocrx_word' id='word_1_350' title='bbox 1031 4071 1170 4126; x_wconf 86' lang='lat' dir='ltr'>oontendie</span> <span class='ocrx_word' id='word_1_351' title='bbox 1187 4071 1235 4126; x_wconf 84' lang='lat' dir='ltr'>eod</span> <span class='ocrx_word' id='word_1_352' title='bbox 1252 4075 1453 4128; x_wconf 80' lang='lat' dir='ltr'>consummatur</span> <span class='ocrx_word' id='word_1_353' title='bbox 1469 4073 1540 4130; x_wconf 78' lang='lat' dir='ltr'>neeri.</span> 
     </span>
    </p>
   </div>
   <div class='ocr_carea' id='block_1_5' title="bbox 403 4151 1542 4227">
    <p class='ocr_par' dir='ltr' id='par_1_5' title="bbox 403 4151 1542 4227">
     <span class='ocr_line' id='line_1_37' title="bbox 403 4151 1542 4227; baseline 0.009 -21"><span class='ocrx_word' id='word_1_354' title='bbox 403 4152 495 4207; x_wconf 73' lang='grc' dir='ltr'><strong>οοοοοίο</strong></span> <span class='ocrx_word' id='word_1_355' title='bbox 507 4152 576 4222; x_wconf 73' lang='lat' dir='ltr'>qais,</span> <span class='ocrx_word' id='word_1_356' title='bbox 590 4151 639 4207; x_wconf 77' lang='lat' dir='ltr'>sed</span> <span class='ocrx_word' id='word_1_357' title='bbox 650 4153 721 4208; x_wconf 76' lang='grc' dir='ltr'><strong>οοοῚοοΊ</strong></span> <span class='ocrx_word' id='word_1_358' title='bbox 732 4153 912 4223; x_wconf 63' lang='lat' dir='ltr'>medendam</span> <span class='ocrx_word' id='word_1_359' title='bbox 924 4155 959 4223; x_wconf 83' lang='lat' dir='ltr'>as.</span> <span class='ocrx_word' id='word_1_360' title='bbox 974 4157 1055 4227; x_wconf 55' lang='lat' dir='ltr'>cypr.</span> <span class='ocrx_word' id='word_1_361' title='bbox 1067 4158 1143 4226; x_wconf 77' lang='lat' dir='ltr'>epist.</span> <span class='ocrx_word' id='word_1_362' title='bbox 1152 4161 1296 4226; x_wconf 78' lang='lat' dir='ltr'>p.536,12</span> <span class='ocrx_word' id='word_1_363' title='bbox 1364 4157 1400 4214; x_wconf 83' lang='lat'>30</span> <span class='ocrx_word' id='word_1_364' title='bbox 1411 4158 1542 4216; x_wconf 71' lang='grc' dir='ltr'><strong>οἰοᾶᾱοᾶο·</strong></span> 
     </span>
    </p>
   </div>
   <div class='ocr_carea' id='block_1_6' title="bbox 0 0 2010 5066">
    <p class='ocr_par' dir='ltr' id='par_1_6' title="bbox 0 0 2010 5066">
     <span class='ocr_line' id='line_1_38' title="bbox 0 0 2010 5066; baseline 0 4"><span class='ocrx_word' id='word_1_365' title='bbox 0 0 2010 5066; x_wconf 95' lang='lat' dir='ltr'> </span> 
     </span>
    </p>
   </div>
  </div>
 </body>
</html>
