4012 5066
417 369 479 442 133
890 366 1074 436 Appendix.

415 525 537 585 anime
557 542 643 584 meu.
667 541 720 585 nec
743 524 875 584 inmerito
897 524 1035 584 Dominus
1058 523 1151 584 odinit
1165 526 1359 586 coeremoniis
1373 529 1495 598 ussum,
1520 525 1550 584 in

415 628 521 704 quibus
548 628 665 688 unicum
680 630 710 686 et
732 628 899 700 primes-ium
925 626 1018 688 lilium
1042 627 1106 688 eins
1128 629 1303 702 peremistis.
1327 629 1434 690 odium
1449 630 1550 688 durum

414 733 445 789 et
460 731 561 789 borum
576 729 700 790 flebilem
715 731 745 788 et
760 727 985 790 sollemnitatem
1007 729 1160 804 lugubrem
1175 732 1205 790 et
1228 732 1333 790 terrum
1348 730 1507 790 inlenstsm
1521 733 1551 789 et

415 833 566 893 ciuitatem
581 832 729 905 profanam
745 833 775 891 et
790 831 927 904 populum
942 831 1056 890 Domini
1071 848 1139 892 nece
1156 835 1322 892 cruentum:
1345 833 1551 892 interfecerunt

415 933 492 994 onim
519 933 672 994 Dominum
706 936 737 992 et
767 933 908 991 lstronem
935 932 1140 992 libersnernnt.
1176 934 1213 993 ob
1244 935 1318 993 benc
1342 951 1410 1008 orgo
1436 951 1572 994 esnssms

416 1040 532 1096 coactus
562 1038 609 1094 est
637 1035 777 1095 Dominus
814 1035 908 1094 fecere
944 1050 1048 1094 nonum
1078 1037 1284 1094 testemonium
1313 1037 1549 1110 consignentibns

416 1141 528 1212 septem
555 1135 707 1210 spiritibus
733 1139 809 1195 teste
834 1137 931 1210 Moyse
958 1139 988 1195 et
1011 1135 1097 1197 Helie
1120 1137 1150 1194 in
1165 1140 1273 1211 monte,
1289 1137 1338 1198 ubi
1354 1138 1500 1211 praecepit
1514 1155 1551 1198 ne

416 1239 567 1312 psteileret
594 1239 754 1311 scripturae
781 1240 999 1310 sacramentum,
1026 1237 1083 1296 nisi
1109 1237 1187 1296 filius
1210 1237 1334 1298 hominis
1349 1239 1551 1298 resurrexisset

417 1340 611 1400 demortuis.
642 1340 693 1399 sed
719 1357 785 1400 mox
811 1340 936 1398 surrexit
963 1339 1102 1400 Dominus
1127 1341 1216 1400 tertio
1242 1340 1298 1412 bie,
1325 1341 1438 1415 spernit
1458 1343 1551 1400 teste·

416 1443 545 1506 mentum
572 1459 687 1512 nouum,
714 1443 917 1500 testemonium
933 1442 1024 1502 uitsle
1044 1445 1131 1516 etque
1146 1443 1188 1500 ite
1203 1443 1293 1501 dixit:
1316 1431 1423 1504 ‘uenite
1438 1448 1550 1504 extense
1561 1467 1586 1504 so

417 1544 530 1618 gentes,
558 1544 680 1602 heredes
706 1543 779 1603 mei:
803 1545 895 1603 Isreel
921 1545 996 1604 onim
1022 1561 1079 1604 nen
1106 1545 1273 1604 obsudiuite
1308 1550 1482 1620 quapropter
1511 1545 1551 1606 ite

418 1642 553 1716 discipuli
569 1645 599 1702 in
614 1644 747 1704 ultimam
762 1663 852 1718 usque
864 1647 970 1704 terrem
985 1648 1015 1704 et
1030 1645 1194 1720 praeneste
1209 1664 1261 1720 per
1276 1647 1372 1706 orbem
1384 1647 1431 1706 his
1443 1649 1547 1708 uerbis.

419 1745 517 1805 uenite
542 1747 667 1819 undiquc
683 1746 793 1820 petrice
815 1747 955 1821 gentium,
976 1747 1093 1806 introite
1119 1747 1150 1806 in
1175 1749 1322 1808 ueternsm
1352 1749 1551 1823 hereditatem,

416 1848 511 1906 Israel
527 1848 603 1906 enim
619 1847 724 1907 noluit.
749 1865 784 1906 ne
800 1848 957 1908 dubitetis:
980 1850 1062 1908 nullu
1081 1849 1130 1909 hic
1144 1851 1274 1924 exceptio
1290 1853 1403 1910 estnec
1417 1852 1549 1924 ingenui-

417 1949 489 2010 tetis
516 1966 569 2009 nec
594 1947 746 2024 dignitatis
773 1966 825 2009 nec
850 1950 1024 2010 condicionis
1050 1966 1103 2010 nec
1127 1951 1281 2024 positionis
1303 1968 1355 2012 nec
1378 1952 1484 2012 lormee
1499 1970 1586 2018 neces

417 2053 534 2112 soletis.
562 2051 634 2110 licet
661 2051 803 2126 dignitato
828 2053 984 2126 magnifici,
1013 2052 1084 2114 licet
1108 2053 1230 2126 nobiles,
1261 2054 1329 2114 licet
1358 2071 1450 2127 senes,
1483 2055 1553 2114 licet

417 2154 539 2213 iuuenes
553 2169 694 2226 pauperes
709 2153 814 2213 diuites
827 2153 894 2214 boni
906 2155 1040 2229 malique,
1052 2153 1257 2230 dominicique
1269 2156 1347 2215 serui
1359 2154 1553 2217 indifferenter

417 2254 579 2330 aequaliter
606 2253 723 2313 introito
748 2253 777 2313 in
804 2255 1009 2316 hereditatem:
1037 2255 1094 2316 etei
1108 2256 1229 2330 pedibus
1252 2259 1353 2329 ceptus
1376 2259 1463 2329 esset,
1489 2273 1553 2316 cor·

417 2374 487 2432 pore
510 2357 659 2427 deformis,
687 2357 743 2415 etei
765 2355 889 2416 maculis
917 2357 1011 2429 turpis
1033 2360 1065 2418 et
1089 2357 1183 2432 oepite
1207 2357 1346 2429 delectus,
1380 2358 1436 2417 etsi
1464 2358 1552 2420 oculis

417 2459 566 2529 uidustus,
589 2458 734 2518 uniuersis
756 2458 844 2518 libere
870 2458 939 2518 licet
961 2459 1139 2519 discumbere
1167 2459 1198 2518 in
1227 2459 1359 2520 conuiuio
1386 2463 1417 2520 et
1445 2458 1590 2534 epulerieo

417 2579 455 2620 nn
477 2561 565 2620 tiess
586 2550 676 2618 ousi'.

395 2675 412 2732 6
458 2578 512 2722 I'Ns
529 2577 671 2722 holminem
687 2662 794 2735 pudent
808 2678 860 2722 neo
876 2663 981 2723 aetatis
995 2681 1047 2724 neo
1061 2663 1235 2723 humilitatis
1248 2681 1302 2724 nec
1316 2663 1488 2723 ualetudinis
1504 2681 1555 2724 noc

419 2765 611 2825 condicionis:
635 2765 784 2824 consueuit
804 2765 879 2824 enim
902 2765 1041 2826 Dominus
1063 2767 1225 2827 huiusmodi
1247 2765 1378 2828 homines
1403 2767 1553 2828 sustinere.

489 3049 503 3100 1
523 3045 622 3100 dense
749 3047 925 3101 caerimonias
944 3048 997 3118 Bp
1129 3049 1275 3102 Dono-um
1298 3047 1457 3117 omninum
1475 3046 1521 3111 Μ)

417 3131 588 3200 primarium]
607 3132 778 3200 unigenitum
798 3131 822 3202 Q
923 3131 967 3188 die
986 3133 1012 3206 1}
1113 3133 1131 3187 3
1149 3132 1294 3202 lugubrum
1313 3132 1369 3188 ΒΤ
1472 3131 1554 3187 4ᾱο-

418 3215 486 3270 mini
505 3216 601 3287 0an
744 3231 807 3271 nece
825 3218 857 3287 c]
876 3219 1064 3274 contruentum
1086 3220 1112 3274 T
1249 3218 1266 3273 6
1284 3233 1383 3272 nouum
1401 3217 1520 3274 lenereu
1583 3255 1584 3258 =

418 3301 607 3371 consignantis
628 3305 659 3370 T,
677 3303 843 3372 consignetis
861 3303 904 3358 Bu
1006 3303 1023 3356 ‘1
1043 3303 1195 3374 spiritibus]
1215 3303 1364 3374 signecnlis
1381 3303 1524 3359 Pometios

418 3389 516 3442 testem
535 3403 643 3458 moysen
660 3390 689 3441 et
706 3387 796 3442 helien
815 3389 908 3460 130st
926 3391 962 3456 ol.
982 3393 1073 3454 136,8
1159 3391 1279 3443 montem
1296 3389 1354 3444 BT
1442 3390 1461 3443 8
1477 3389 1556 3456 plsno

417 3475 495 3529 fleret
512 3474 541 3528 Β
644 3473 709 3543 nisi]
727 3473 757 3528 ni
774 3475 813 3530 Μ
828 3476 893 3540 (nisi
913 3476 948 3547 Q)
1047 3475 1126 3546 Dde]
1143 3490 1195 3530 oc
1292 3473 1362 3544 mox]
1380 3489 1440 3528 mox
1457 3477 1523 3528 ute

417 3559 462 3614 olio
477 3559 562 3614 tentis
581 3558 625 3614 Bu
785 3560 891 3628 speruit
908 3577 960 3616 cm.
979 3561 1006 3615 Β
1167 3560 1202 3616 10
1219 3561 1411 3614 testimentum
1429 3575 1480 3614 nost
1501 3558 1527 3610 Τ

418 3646 493 3700 uites
514 3643 538 3714 Q
556 3661 570 3700 e
587 3661 608 3700 s.
627 3646 644 3700 l.
662 3644 760 3715 (uitulo
777 3645 836 3711 Μ),
858 3645 943 3699 uitsle
968 3647 1068 3700 stetnit
1091 3644 1119 3698 Β
1281 3645 1316 3700 14
1332 3645 1404 3699 enim
1428 3659 1478 3698 occ
1499 3643 1525 3697 T

417 3731 527 3786 dubites
546 3733 574 3784 ot
592 3730 625 3801 Q,
643 3730 750 3785 dubitet
766 3729 822 3785 ΒΤ
889 3731 1045 3800 ingenuites
1062 3747 1110 3785 neo
1127 3730 1249 3800 dignitus
1268 3729 1350 3800 BQT
1417 3730 1450 3784 16
1465 3729 1556 3798 'digni-

417 3820 504 3872 tetom
524 3818 579 3872 BT
657 3831 736 3870 senex
754 3815 780 3870 T
858 3817 891 3870 ll
909 3817 975 3870 lieet
993 3832 1154 3886 peupsresv
1243 3814 1369 3884 malique]
1389 3814 1478 3882 ulique
1496 3812 1524 3867 Β

416 3901 604 3958 indifferenter
621 3917 707 3956 om.n
836 3903 870 3957 18
887 3902 916 3956 in
934 3900 971 3972 1.]
990 3901 1140 3956 hereditate
1162 3903 1187 3958 T
1306 3899 1430 3970 pedibus]
1448 3897 1557 3954 sedibus

418 3989 502 4060 BQT
604 3988 685 4057 esset]
704 4001 733 4040 es
750 3988 778 4041 et
796 3987 832 4051 B,
850 4003 878 4041 es
896 3987 943 4041 sod
961 3987 987 4041 T
1099 3988 1132 4040 19
1149 3987 1277 4042 mensulis
1295 3985 1323 4038 Β
1429 3983 1557 4053 delectus}

417 4072 545 4129 uidentur
561 4073 628 4128 add.
646 4089 664 4127 n
867 4071 995 4127 uiduutns
1013 4073 1114 4143 scripsi
1132 4072 1180 4141 (ef.
1199 4076 1260 4136 141,
1278 4073 1315 4142 4),
1337 4070 1454 4126 uideatis
1471 4070 1556 4140 Bos,

418 4159 539 4216 deiectus
556 4176 574 4214 n
721 4157 757 4214 20
774 4158 803 4212 in
821 4158 930 4228 nuptiss
948 4175 965 4214 c
1116 4159 1151 4214 21
1170 4159 1260 4229 sponm
1279 4157 1320 4226 ne]
1339 4157 1480 4226 sponsione
1500 4156 1526 4211 Τ

417 4245 452 4300 23
470 4245 610 4300 oonsnebit
632 4247 658 4298 Τ
758 4243 952 4313 mouli1mundi
970 4245 1032 4298 ΜΤ
1048 4245 1131 4314 (mooli
1152 4243 1186 4314 Q)
1292 4243 1463 4296 hominumn
