4012 5066
662 429 708 484 De
725 428 900 484 montibus
918 427 1003 483 Sina
1021 432 1055 484 ot
1072 428 1152 484 Sion
1173 445 1197 484 o.
1214 429 1292 483 6-7.
1482 432 1540 496 111
1657 474 1663 486 .

406 585 517 647 Iaoob
539 585 613 647 iuit
634 585 732 647 lenis
754 589 791 646 et
811 585 936 658 minor,
960 585 990 644 in
1014 585 1108 661 ligura
1126 585 1225 660 populi
1239 585 1415 658 nouellioris,
1438 583 1489 661 qui
1509 601 1544 644 ex

405 687 631 749 diotoaudientia
644 705 697 763 per
711 687 892 748 credulitatis
905 687 989 746 tidem
1006 703 1041 748 ex
1056 689 1207 762 aspredine
1227 689 1335 749 eaeouli
1349 689 1380 748 in
1395 687 1545 748 leuitatem

406 805 560 851 oonuorsoe
576 793 621 850 eat
636 791 673 850 ad
688 789 835 850 Christum
850 791 1003 849 Dominum
1018 793 1050 850 et
1064 790 1119 849 Dei
1134 789 1235 850 tilium.

447 890 522 952 Eoos
535 891 719 965 probauimus
733 907 785 964 per
800 891 1007 965 seripturarum
1022 891 1108 950 iidem
1122 891 1259 951 maiorem
1272 891 1409 967 populum
1420 893 1450 951 et
1460 893 1574 952 netu-'l

383 992 522 1056 astiorem
536 1009 599 1054 esse
614 993 674 1054 Deo
688 993 719 1052 in
734 993 800 1054 odio
814 1008 968 1055 oonuersos
982 994 1139 1054 seeundum
1159 993 1426 1068 interpretationem
1439 991 1546 1054 montio

405 1095 474 1154 Sina
481 1094 604 1156 deontia
610 1084 774 1170 ‘temptatio
785 1098 903 1155 aeterne
913 1099 944 1154 et
955 1081 1073 1155 odinm’.
1085 1112 1176 1170 aeque
1186 1097 1218 1154 et
1228 1095 1294 1156 Sion
1305 1113 1387 1156 mons
1397 1097 1440 1156 ita
1453 1095 1545 1154 intor-

405 1199 502 1273 pretat
512 1187 675 1274 ‘temptatio
690 1198 915 1260 exacerbationis
930 1200 959 1259 et
974 1183 1156 1272 speculatio'.
1178 1199 1250 1260 haeo
1263 1183 1336 1260 uero'
1346 1197 1545 1274 interpretatio
1647 1269 1649 1274 ¹

405 1299 510 1360 Latine
523 1300 598 1380 ligni
628 1301 704 1361 seori
732 1301 894 1375 passionem
925 1301 1061 1376 designat
1096 1301 1208 1362 dioente
1238 1301 1387 1363 Salomone
1402 1301 1437 1360 de
1452 1300 1546 1374 ipsam

405 1401 568 1478 passionem
577 1402 769 1463 Dominioam:
782 1401 1009 1463 contumelia
1024 1404 1060 1463 et
1075 1404 1258 1463 tormento
1273 1401 1547 1476 interrogemus

370 1502 529 1575 roillnm,
557 1504 597 1563 ut
618 1504 777 1564 seiamus
799 1503 1053 1563 reuerentiam
1081 1503 1192 1564 illius
1213 1505 1250 1562 et
1271 1504 1465 1579 probemus
1487 1519 1546 1577 pa-

406 1601 582 1664 tientiam
603 1603 726 1678 ipsius
748 1607 785 1664 ot
805 1607 1028 1678 temptemus
1050 1621 1140 1678 quae
1161 1607 1343 1664 euentura
1364 1606 1450 1664 sunt
1471 1603 1546 1664 illi.

408 1704 439 1765 si
461 1705 557 1765 enim
578 1721 662 1766 uere
684 1704 797 1765 iilius
817 1703 885 1765 Dei
906 1709 978 1776 eat,
1001 1705 1188 1778 sasoipiet
1208 1705 1333 1778 illum,
1355 1708 1391 1765 ot
1411 1705 1547 1765 libora-

406 1805 464 1865 bit
485 1805 592 1867 illum
614 1807 654 1866 de
676 1806 847 1867 manibus
876 1806 1163 1869 contrariorum:
1194 1810 1307 1868 morte
1330 1807 1547 1881 turpissima

406 1909 690 1970 oondemnomus
712 1907 829 1968 illurn.
852 1909 941 1969 haee
963 1908 1231 1983 cogitauerunt
1252 1911 1288 1969 et
1308 1909 1545 1968 errauernnt:

371 2010 627 2074 reexoaeoauit
647 2010 740 2070 illos
762 2009 912 2074 malitia
939 2011 1101 2083 ipsorum
1123 2012 1160 2071 et
1180 2027 1250 2070 nou
1271 2008 1547 2070 intellexeruut

406 2114 673 2173 sacramentum
694 2111 771 2171 Dei.
799 2127 864 2172 eote
885 2112 1076 2185 temptatoree
1090 2111 1223 2172 Iudaeos.
1246 2110 1316 2172 item
1331 2111 1470 2186 seriptum
1485 2112 1545 2171 est:

407 2217 443 2273 ot
471 2215 753 2286 temptauerunt
780 2212 969 2272 Dominum
1000 2212 1037 2272 in
1065 2213 1147 2275 looo
1176 2214 1365 2287 inaquoso.
1400 2211 1546 2288 speculum

406 2329 486 2394 nero
504 2313 685 2374 altitudinem
707 2314 781 2389 ligni
804 2315 933 2376 deelarat
954 2315 1067 2375 dioente
1083 2315 1247 2376 Salomone:
1270 2316 1473 2391 poenorunt
1495 2332 1545 2376 mo

407 2415 512 2476 uelut
545 2415 751 2478 custodiam
783 2415 949 2490 pomarii,
983 2433 1016 2477 eo
1045 2418 1121 2492 qnod
1142 2418 1173 2477 in
1201 2417 1285 2479 horto
1311 2419 1342 2478 in
1371 2417 1451 2492 ligno
1476 2434 1546 2479 oon-

369 2516 483 2580 eosrrus
515 2516 593 2577 inter
621 2517 692 2577 duos
719 2518 846 2578 lenones
875 2516 1023 2592 pependit.
1057 2522 1088 2579 et
1109 2519 1144 2580 de
1165 2518 1321 2580 altitudine
1347 2518 1422 2595 ligni
1447 2519 1546 2580 ambos

405 2619 608 2694 speculabatur
637 2617 668 2678 in
696 2619 792 2694 ligura
821 2620 941 2680 duorum
971 2621 1141 2694 populorum
1175 2619 1408 2694 malefactorum,
1444 2623 1546 2695 gentes

405 2719 437 2778 iu
458 2720 574 2780 seeonla
594 2720 672 2780 mele
691 2720 769 2781 faeta
788 2720 915 2781 iacentes
936 2725 966 2780 ot
981 2721 1104 2781 Iudaeos
1118 2720 1317 2783 interfectores
1331 2723 1545 2797 prophetarum.

406 2821 438 2881 hi
464 2823 532 2882 sunt
556 2823 612 2883 duo
636 2821 736 2896 populi
761 2821 971 2894 malefectores,
994 2840 1115 2897 quorum
1141 2821 1263 2898 figurem
1283 2825 1314 2884 in
1335 2839 1367 2882 se
1392 2823 1547 2898 portabant

407 2923 463 2983 dno
491 2922 628 2996 latrones,
657 2923 734 2982 inter
760 2923 865 2998 quibus
893 2923 1032 2998 pependit
1045 2925 1197 2985 innooens:
1227 2941 1301 2984 unus
1315 2924 1545 3001 blasphemabat,

475 3145 574 3216 9Sap.
592 3145 618 3210 2,
637 3144 748 3200 19-22.
852 3145 885 3200 1‘l
904 3145 949 3199 Pe.
968 3145 1028 3212 105,
1047 3147 1091 3203 14.
1196 3147 1231 3200 18
1247 3145 1325 3202 Cant.
1344 3149 1369 3213 1,
1387 3148 1414 3202 6.

475 3367 753 3423 idiotoaudientiem
770 3367 859 3438 ΜΤμ,
877 3366 946 3422 dieti
963 3366 1139 3424 audientiae
1300 3369 1469 3425 erudelitatie
1489 3371 1516 3426 1·

406 3451 575 3522 aspredinem
593 3453 632 3507 M
786 3451 804 3506 8
822 3451 971 3522 dominmn]
990 3451 1069 3508 deum
1087 3470 1104 3508 e
1260 3455 1280 3510 4
1296 3453 1470 3524 probabimus
1489 3454 1515 3509 T

405 3537 535 3608 populum
552 3537 681 3592 maiorem
698 3554 716 3594 e
802 3536 930 3592 bodium
948 3554 986 3606 μυ
1076 3553 1235 3593 oonuerenm
1252 3557 1298 3608 pe,
1315 3555 1459 3595 oouuersns
1476 3539 1516 3594 Μ

406 3623 424 3677 6
441 3637 524 3692 aeque
541 3624 579 3694 et]
597 3637 682 3693 aeque
703 3625 744 3678 Po
867 3624 1064 3693 iuterpretatur
1082 3624 1156 3694 Mne
1277 3625 1296 3680 8
1311 3625 1393 3695 ligni]
1411 3625 1508 3694 lingua
1525 3645 1547 3696 μ

406 3724 509 3763 sacram
528 3728 548 3778 μ
664 3707 799 3762 dieentenr
816 3709 853 3763 Μ
981 3707 1146 3765 salomonem
1164 3709 1228 3764 ΜΤ
1346 3709 1405 3780 ipsa
1422 3709 1547 3780 passione

406 3777 486 3848 <snio
497 3810 535 3863 po
643 3793 661 3848 9
678 3792 843 3849 ooutumelie
860 3793 899 3863 et]
917 3793 1096 3848 eontumeliee
1114 3793 1159 3863 Pp
1272 3794 1515 3851 renouarentur
1637 3859 1642 3872 Ι

347 3938 352 3947 .
407 3879 441 3932 12
458 3877 540 3948 tilius]
558 3878 632 3932 salue
650 3897 670 3947 μ
774 3879 905 3932 liberauit
921 3877 984 3932 ΜΤ
1095 3877 1129 3932 13
1147 3878 1236 3947 illum]
1254 3893 1350 3935 eume
1453 3881 1487 3935 16
1504 3896 1548 3936 ea-

407 3965 544 4018 oramenta
560 3964 634 4034 Mpe
756 3963 789 4017 11
807 3962 888 4018 deum
906 3963 959 4019 Mo
1075 3979 1177 4033 aquoso
1195 3964 1260 4020 ΜΤ
1371 3965 1500 4034 inaquoso
1518 3966 1547 4022 in
1628 3991 1640 4016 ·.
1698 3971 1701 3978 '

407 4049 466 4104 loeo
484 4068 505 4118 p
653 4048 687 4103 18
704 4063 797 4104 uerum
820 4050 851 4114 T,
868 4064 932 4118 argo
950 4068 970 4118 μ
1116 4048 1250 4104 &euntem
1267 4051 1434 4106 salomonem
1451 4051 1488 4105 Μ
1490 4053 1517 4105 P

407 4134 442 4188 19
459 4135 563 4204 pomnrl
582 4133 613 4198 T,
631 4148 809 4204 pomorump
878 4133 913 4188 21
933 4133 1089 4204 epeoulatnr
1105 4152 1131 4203 e,
1147 4133 1325 4206 peoulabatur
1345 4137 1371 4190 T
1437 4135 1472 4190 22
1489 4151 1548 4192 sae-

407 4219 503 4283 ouliet
520 4219 557 4286 of.
574 4221 725 4289 p.105,21
830 4219 960 4291 ieoeutee]
978 4221 1146 4290 iacienteep
1250 4220 1286 4278 24
1303 4221 1375 4277 iuter
1391 4237 1458 4292 quoe
1476 4239 1514 4293 pn

407 4304 577 4376 blasphemet
594 4325 614 4376 p
