4012 5056
833 429 919 484 Acta
937 428 1204 498 proconsularia.
1503 443 1592 496 cxiu

454 582 607 668 plurimos
621 582 758 650 asianae
768 581 830 648 tibi
841 581 1077 666 conspirationis
1092 569 1234 648 hominos
1247 582 1429 668 adgregasti
1441 583 1473 648 et
1483 581 1593 646 inimi-

452 705 524 754 cum
546 687 578 752 te
602 686 664 752 diis
679 685 828 752 Romanis
850 686 883 752 et
904 685 1108 772 religionibus
1131 686 1227 753 sacris
1250 684 1453 764 constituisti,
1481 703 1539 751 nec
1561 685 1593 751 te

451 788 497 873 pii
517 789 550 854 et
570 788 776 854 adamussimi
796 788 951 872 principes
966 788 1151 854 Valerianus
1171 790 1205 855 et
1219 786 1384 854 Gallienus
1400 787 1540 874 Augusti
1561 787 1594 853 et

451 887 636 956 Valerianus
650 889 865 956 nobilissmns
875 888 986 956 ansm
996 891 1036 956 ad
1046 892 1165 958 sectum
1180 889 1447 957 camemoniarnm
1462 909 1593 956 suarum

428 1009 595 1059 ereuocare
620 993 798 1078 potnerunt
825 993 858 1058 et
877 991 947 1059 ideo
971 1011 1043 1059 cum
1067 992 1112 1060 sis
1135 991 1399 1076 nequissimorum
1425 991 1593 1058 criminum

451 1097 560 1162 auctor
586 1095 618 1161 et
641 1094 773 1179 signifer
801 1095 1018 1177 deprehensus,
1046 1096 1107 1164 eris
1134 1095 1202 1179 ipse
1227 1095 1413 1162 documenta
1441 1095 1491 1160 bis
1517 1113 1594 1179 quos

451 1195 566 1262 scelera
586 1198 642 1262 tuo
662 1198 768 1261 tecum
789 1195 982 1281 adgregasti:
1004 1197 1154 1282 sanguine
1175 1197 1230 1262 tuo
1245 1198 1403 1262 sancietur
1416 1196 1592 1279 discipline.

452 1300 485 1365 et
507 1298 557 1364 his
579 1298 673 1366 dictis
696 1297 856 1364 decretum
878 1317 914 1364 ex
936 1299 1055 1366 tabella
1076 1299 1240 1366 recitauit:
1267 1299 1439 1366 Thracium
1463 1297 1594 1383 cypria·

451 1420 529 1466 num
550 1399 657 1486 gladio
676 1399 886 1466 animaduerti
900 1401 1012 1484 placet.
1034 1389 1208 1485 cyprianus
1222 1401 1386 1486 episcopus
1401 1401 1497 1493 dixit:
1519 1401 1594 1467 Dee

420 1502 618 1590 eugratiae.

495 1604 573 1671 Post
592 1604 674 1671 hanc
693 1622 767 1671 uero
782 1605 969 1671 sententiam
984 1605 1078 1671 turba
1091 1604 1228 1672 fratrum
1243 1604 1384 1671 dicebat:
1406 1607 1439 1671 et
1452 1622 1508 1670 nos
1522 1611 1623 1672 cumi

452 1707 521 1790 ipso
546 1706 746 1773 decollemur.
772 1707 898 1790 propter
919 1707 977 1772 hcc
1000 1708 1158 1774 tumultus
1184 1707 1319 1772 fratrum
1345 1709 1470 1772 exortus
1494 1709 1542 1774 est
1562 1710 1596 1773 et

453 1809 556 1876 multa
576 1810 671 1875 turba
691 1827 765 1874 eum
785 1809 947 1890 prosecuta
962 1809 1018 1874 est
1040 1809 1072 1874 et
1085 1809 1133 1874 ita
1145 1809 1232 1874 idem
1246 1807 1421 1894 Cyprianus
1435 1810 1470 1874 in
1483 1828 1595 1893 agrum

454 1911 539 1978 Sexti
560 1912 731 1995 productus
753 1911 801 1975 est
815 1911 847 1976 et
862 1910 908 1976 ibi
923 1929 956 1977 se
970 1911 1095 1978 lacerna
1114 1912 1208 1994 byrro
1228 1911 1401 1995 expeliauit
1417 1912 1450 1975 et
1464 1929 1546 1995 genu
1561 1910 1595 1974 in

420 2031 446 2070 rs
455 2013 539 2080 terra
558 2012 647 2078 fierit
661 2017 693 2078 et
707 2013 741 2078 in
755 2013 927 2078 orationem
941 2031 974 2078 ee
988 2013 1123 2079 Domino
1137 2013 1320 2095 prostrauit.
1342 2015 1375 2078 et
1390 2031 1462 2078 cum
1477 2030 1510 2077 se
1523 2013 1595 2079 dal·

453 2115 571 2180 metica
597 2115 800 2198 exspoliasset
822 2115 854 2179 et
875 2114 1055 2180 diaconibus
1078 2115 1272 2195 tradidisset,
1299 2114 1332 2180 in
1353 2113 1437 2180 linea
1458 2114 1550 2179 stetit
1563 2115 1596 2180 et

455 2216 558 2302 coepit
585 2216 806 2300 spiculatorem
832 2217 994 2284 sustinere.
1023 2236 1095 2284 cum
1120 2217 1260 2286 uenisset
1284 2218 1392 2284 antmn
1413 2216 1594 2300 spiculator,

454 2320 548 2385 iussit
570 2321 636 2384 snio
656 2319 694 2384 ut
708 2318 809 2384 eidem
833 2319 1015 2402 spiculatori
1037 2321 1154 2404 uiginti
1180 2322 1316 2405 quinque
1341 2337 1450 2386 aureos
1475 2319 1593 2384 darent.

456 2421 645 2488 linteamina
665 2439 739 2486 uero
759 2421 791 2486 et
812 2421 971 2488 menualia
985 2440 1004 2486 a
1018 2421 1169 2488 iratribus
1191 2425 1264 2488 ante
1284 2442 1356 2488 eum
1375 2419 1593 2487 mittebantur.

419 2541 448 2586 rr
458 2527 566 2608 postea
580 2542 653 2589 uero
668 2524 778 2589 beatus
788 2522 959 2608 Cyprianus
974 2544 1070 2589 manu
1085 2543 1142 2589 sua
1156 2524 1261 2590 oculos
1276 2523 1338 2590 sibi
1349 2523 1439 2589 terit.
1456 2523 1595 2606 quicum

454 2625 584 2692 lacinias
603 2624 764 2690 manuales
779 2624 879 2708 ligare
894 2624 955 2690 sibi
970 2642 1031 2690 non
1045 2625 1208 2708 potuisset,
1231 2625 1372 2690 Iulianus
1386 2625 1549 2710 presbyter
1564 2627 1596 2689 et

456 2727 599 2792 lulianus
620 2727 827 2792 subdiaconus
843 2727 871 2792 ei
886 2727 1074 2810 ligeuernnt.
1094 2727 1142 2792 ita
1161 2727 1272 2792 beatis
1288 2725 1462 2810 cyprianus
1483 2743 1595 2810 passus

455 2831 513 2907 est,
539 2829 666 2912 eiusque
690 2825 800 2912 corpus
823 2832 949 2914 prepter
971 2829 1139 2914 gentilium
1162 2829 1378 2896 annositatem
1399 2829 1434 2894 in
1456 2827 1595 2911 proxime

455 2931 595 3014 positum
616 2932 672 2996 eat.
695 2932 768 2996 inde
786 2950 843 3015 per
862 2933 986 2997 noctem
1000 2931 1162 2997 sublatum
1177 2950 1250 2997 cnm
1265 2933 1362 2996 cereis
1377 2933 1410 2996 et
1424 2931 1596 2996 scolacibus

423 3034 500 3100 aad
524 3053 611 3100 meaa
636 3033 788 3099 Macrobii
814 3033 998 3100 Candidiani
1026 3035 1246 3118 procuratoris,
1276 3053 1356 3117 quae
1385 3035 1461 3099 sunt
1484 3034 1518 3096 in
1544 3033 1597 3098 uia

458 3137 665 3221 Mappaliensi
691 3137 779 3200 iuxta
802 3137 945 3220 patinas,
973 3155 1045 3202 cum
1071 3139 1145 3203 uoto
1167 3138 1200 3202 et
1220 3135 1380 3219 triumpho
1406 3154 1520 3220 magno
1541 3135 1596 3200 de·

457 3240 589 3305 ductum
605 3242 662 3305 est.
678 3241 750 3323 post
764 3257 879 3322 paucos
894 3241 1001 3304 autem
1016 3239 1082 3306 dies
1098 3239 1244 3306 Galerius
1259 3238 1422 3317 Maximus
1432 3237 1596 3324 proconsul

458 3341 603 3408 decessit.

511 3581 527 3633 1
538 3579 592 3633 tibi
604 3579 725 3634 nefariae
733 3579 799 3634 ΕΜ
866 3581 884 3634 2
890 3587 954 3649 pest
966 3580 1105 3635 inimicum
1116 3583 1145 3634 te
1152 3580 1295 3649 praecipit
1303 3579 1381 3634 Elii:
1393 3577 1563 3633 mustituisti

458 3665 640 3736 religionibus
657 3665 824 3732 scansilia,
845 3667 929 3721 sacris
947 3665 1081 3736 lcgibnse
1236 3680 1285 3720 nec
1297 3663 1431 3734 te]tcl1‚
1451 3661 1565 3716 recteE

462 3749 480 3805 3
492 3752 520 3805 et
531 3734 650 3807 scissim
661 3751 796 3822 principes
809 3753 896 3806 nostri
908 3753 974 3807 ΕΜ
1086 3758 1206 3806 acaesar
1218 3753 1293 3805 secta
1303 3750 1521 3804 felicissimorum
1535 3735 1590 3802 tem

458 3851 552 3905 porum
571 3853 680 3892 suerum
698 3837 824 3892 obdurati
841 3837 938 3894 luroris
952 3837 987 3893 ad
1000 3837 1156 3892 cerimonias
1171 3835 1343 3906 percolendas
1360 3834 1512 3902 bonamque
1523 3847 1597 3886 men-

457 3925 514 3977 tam
525 3923 678 3978 habendam
689 3925 768 3978 muto
779 3928 898 3994 tempore
909 3927 971 3992 (non
981 3923 1045 3979 add.
1056 3923 1096 3992 Ε)
1107 3925 1255 3993 potuerunt
1266 3924 1295 3976 te
1306 3923 1345 3987 (ta
1353 3936 1403 3976 aaa
1414 3920 1463 3988 Μ)
1473 3933 1596 3973 reuocare

458 4011 488 4064 et
504 4008 564 4065 ideo
585 4009 657 4079 quod
676 4011 838 4080 nequissimi
858 4011 980 4066 criminis
1000 4012 1094 4066 auctor
1113 4011 1142 4064 et
1160 4007 1276 4078 signiter
1296 4005 1477 4077 deprehensns
1497 4019 1525 4058 es
1543 4018 1596 4073 quo
1730 4053 1734 4060 ,

458 4096 537 4166 (qnos
548 4097 596 4166 Μ)
607 4099 640 4150 tn
652 4097 751 4152 scelere
771 4096 886 4152 docuisti
906 4098 964 4165 ipso
984 4096 1143 4152 decurrente
1154 4097 1187 4149 ut
1199 4095 1328 4163 quoniam
1346 4095 1394 4147 tuo
1412 4090 1509 4146 adnitn
1526 4087 1596 4158 (adi-

458 4181 521 4236 nitn
530 4181 577 4250 Μ)
590 4181 702 4237 durauit
713 4181 846 4252 sacrilega
858 4181 1024 4237 contumacia
1036 4183 1085 4236 tuo
1097 4179 1229 4252 sanguine
1241 4179 1378 4234 sancietur
1390 4175 1540 4246 (sangietnr
1550 4173 1596 4244 Μ)

459 4265 606 4338 disciplina
627 4271 656 4322 et
673 4269 808 4324 demetam
828 4267 979 4322 extamus
999 4267 1139 4323 recitauit:
1161 4265 1306 4322 Thasciam
1319 4263 1483 4334 cyprianum
1504 4259 1597 4331 gladio

459 4353 643 4410 animaduerti
655 4353 746 4425 placet
756 4352 924 4410 EXPLICIT
937 4352 1059 4412 PASSIO
1069 4352 1245 4411 CYPRIANI
1257 4353 1329 4412 EM.
1343 4383 1376 4395 -

561 4459 614 4509 111.
1364 4445 1386 4511 b
