4012 5056
407 429 429 494 6
884 423 1067 494 Δρροιιᾱίι

405 581 549 658 loquatur,
570 581 644 642 nihil
658 599 794 658 umquam
808 580 972 644 indecomm
986 581 1085 656 geret:
1107 581 1173 657 plus
1188 580 1264 643 enim
1278 579 1411 656 ponderis
1426 580 1544 642 habebit

407 669 582 744 ennensi
596 701 668 760 qum
682 683 756 744 nnn
771 699 802 744 sc
817 683 903 744 nem
918 683 1034 744 comen
1047 683 1106 743 mer
1119 683 1185 744 nei.

376 783 399 844 4
453 785 528 857 Quid
543 787 686 860 scriptura
693 784 863 846 interdixit?
879 785 1028 860 prohibuit
1035 783 1323 860 enimspectariqnod
1329 785 1462 858 prohibet
1469 785 1542 859 geri.

406 887 511 961 omnia,
532 887 659 964 inquam,
684 887 743 948 ists
767 886 994 962 spectaculorum
1014 903 1122 962 ponera
1143 886 1299 960 dsmuauit,
1319 889 1430 961 quando
1451 887 1543 948 idolo·

404 988 522 1050 latriam
548 987 668 1050 sustulit
689 989 821 1050 ludorum
847 988 973 1050 omnium
996 991 1128 1062 matrem,
1152 989 1228 1049 unde
1253 988 1324 1048 hsec
1347 988 1487 1048 multatis
1512 988 1569 1049 ste

405 1090 537 1152 leuitetis
557 1093 686 1152 monstro
701 1093 851 1153 uenerunt.
875 1093 952 1165 quod
972 1091 1048 1152 enim
1069 1090 1264 1166 spectaculum
1286 1090 1347 1150 eine
1367 1090 1452 1163 idolo,
1476 1090 1543 1164 quis

408 1190 494 1250 ludus
515 1191 578 1252 sins
600 1190 748 1265 sacrificio,
774 1187 852 1267 quod
874 1193 1020 1252 certarnen
1040 1209 1097 1253 non
1112 1192 1305 1252 consecratum
1319 1193 1450 1251 mortuo?
1473 1190 1543 1264 quid

405 1291 482 1354 inter
495 1293 568 1354 haec
581 1291 755 1354 christianus
769 1293 864 1354 tidelis
879 1293 968 1354 iacit:
984 1293 1216 1355 siidclolatrinm
1231 1291 1322 1368 fugit,
1337 1292 1406 1367 quid
1421 1291 1478 1354 loci
1492 1291 1541 1352 ei?

405 1393 475 1467 quid
495 1395 546 1469 qui
566 1394 624 1454 iam
645 1397 763 1456 sanctm
777 1396 817 1456 sit
831 1396 867 1455 ds
884 1395 969 1456 rebus
984 1396 1145 1456 criminosis
1159 1396 1335 1470 uoluptetem
1350 1395 1449 1468 capros
1472 1394 1542 1468 quid

406 1497 507 1554 contra
527 1495 619 1555 Deum
639 1495 859 1571 superstitiones
879 1497 984 1570 probet
998 1513 1070 1570 quas
1085 1499 1163 1558 amet
1177 1499 1244 1557 dnm
1259 1499 1390 1571 spectati
1414 1499 1583 1557 ceterumm

402 1595 477 1656 sciet
489 1597 561 1658 haec
575 1597 672 1657 omnia
684 1597 803 1658 incente
822 1597 1034 1658 daemoniorum
1048 1613 1122 1670 sese,
1147 1615 1205 1659 non
1225 1597 1288 1658 Dei.
1311 1597 1491 1672 impudenter
1511 1597 1542 1656 in

403 1697 525 1758 ecclesia
544 1697 693 1758 daemonis
712 1698 853 1758 exorcisat
871 1681 994 1778 tinorum
1014 1697 1179 1772 uoluptates
1194 1698 1225 1758 in
1238 1697 1409 1772 spectaculis
1424 1697 1540 1759 laudat:

403 1799 433 1858 et
448 1815 512 1858 curn
526 1797 615 1860 semel
629 1797 676 1860 illi
690 1799 857 1860 renuntians
872 1799 996 1860 rescissa
1010 1799 1051 1860 sit
1063 1815 1110 1859 ros
1124 1799 1216 1860 omnis
1230 1798 1261 1858 in
1275 1798 1457 1873 baptismate,
1473 1800 1541 1860 dum

405 1902 473 1975 post
487 1899 631 1960 Christum
645 1902 682 1961 sd
696 1901 804 1962 dioboli
819 1901 1014 1976 spectaculum
1028 1902 1119 1975 uadit,
1136 1901 1250 1962 Christo
1264 1903 1411 1975 tncham
1426 1902 1539 1963 diabolo

403 2002 558 2062 renuntiat.
581 2003 752 2076 idololatria,
773 2006 808 2064 ut
826 2003 885 2064 ism
906 2001 976 2078 diri,
997 2002 1130 2064 ludomm
1152 2003 1277 2063 omnium
1291 2006 1382 2064 mater
1396 2005 1451 2076 est,
1466 2017 1575 2078 queem

405 2105 439 2163 ut
464 2103 501 2162 ad
527 2119 559 2164 ss
585 2105 735 2164 christiani
761 2103 861 2164 fideles
887 2105 1007 2164 uenimt
1032 2103 1181 2165 blanditur
1205 2103 1265 2164 illis
1286 2120 1338 2177 per
1352 2105 1496 2165 oculorum
1511 2107 1541 2166 et

404 2204 516 2265 sumum
542 2204 728 2280 uoluptetem
750 2205 889 2266 Romulus
904 2205 996 2267 Conso
1022 2205 1105 2280 qussi
1125 2204 1237 2266 consilii
1260 2206 1312 2265 deo
1331 2206 1368 2266 ob
1388 2205 1540 2279 rapiendos

405 2305 524 2366 Sabinos
544 2306 687 2367 circenses
717 2307 826 2380 primus
853 2307 1051 2380 consecrauit,
1073 2308 1163 2368 ceteri
1191 2307 1319 2380 reliquis.
1347 2307 1414 2366 dum
1441 2309 1540 2368 urbem

402 2405 496 2466 munes
517 2411 694 2482 occupasset,
716 2409 753 2468 ad
773 2407 988 2469 aduocationem
1010 2408 1109 2483 populi
1124 2407 1261 2483 adquisiti
1276 2409 1345 2467 eunt
1359 2408 1419 2467 ludi
1434 2409 1540 2468 scenici

472 2679 488 2735 1
508 2681 537 2734 et
553 2678 625 2733 nihil
641 2679 683 2736 Ze
750 2681 839 2750 geret]
857 2678 930 2734 dicet
946 2680 973 2734 Ζ
1040 2680 1060 2738 2
1077 2681 1240 2735 conscientia
1256 2681 1288 2745 Z,
1305 2681 1440 2735 sententia
1457 2697 1511 2750 spo

400 2764 419 2818 8
436 2763 567 2832 quidquid
584 2764 671 2819 omnis
688 2765 743 2818 ista
760 2765 895 2832 scriptura
912 2765 940 2818 Ζ
1040 2764 1172 2834 expectari
1189 2780 1225 2832 rp
1328 2765 1468 2834 prohibuit
1485 2767 1512 2820 Ζ

399 2847 419 2902 4
435 2847 527 2916 iuquit
543 2863 560 2901 r
661 2847 716 2903 iste
733 2865 784 2905 occ
803 2849 831 2902 Ζ
926 2848 1044 2919 quando]
1063 2849 1233 2919 quomodoZ
1327 2849 1464 2920 ydoletria
1480 2852 1508 2905 Ζ

398 2931 484 2986 lihec
500 2932 603 2987 under
711 2935 740 2988 et
756 2933 880 2988 leuitatis
898 2948 948 2988 orm
966 2935 995 2988 Ζ
1095 2935 1113 2988 6
1130 2936 1251 2988 monstra
1267 2935 1407 3004 uenerunt]
1424 2935 1536 2992 deusne·

399 3018 499 3071 runtr
567 3017 656 3073 'lnon
673 3034 707 3073 cm
724 3019 782 3074 sine
793 3038 814 3088 μ
825 3021 893 3073 m.2
963 3018 1158 3088 consecratum]
1176 3021 1401 3088 semarnentump
1471 3021 1538 3089 quid

403 3101 548 3172 ...fugit
565 3117 617 3158 om.
635 3103 662 3158 Ζ
762 3101 876 3173 tiscit]
895 3104 981 3158 eritr
1043 3137 1050 3150 =
1085 3102 1150 3172 quid
1167 3102 1220 3158 loci
1238 3103 1264 3158 ci
1281 3103 1347 3171 quid
1363 3105 1411 3172 qui
1428 3106 1538 3174 scripsi,

399 3186 466 3255 quid
488 3187 564 3256 loqui
591 3188 638 3256 qul
654 3207 684 3257 μ,
712 3187 777 3258 quid
794 3188 843 3258 qui
860 3204 884 3254 r,
914 3188 961 3257 qui
984 3190 1080 3243 contre
1101 3175 1166 3242 dnm
1189 3188 1393 3257 superstitiones
1415 3191 1538 3260 proprias

398 3271 481 3340 fingit
497 3274 545 3342 qui
561 3273 634 3341 quod
650 3273 678 3328 Ζ
798 3272 872 3343 9de]
890 3276 918 3327 et
935 3273 969 3327 de
985 3275 1013 3328 Ζ
1148 3271 1267 3327 criminis
1284 3273 1452 3328 uoluntatem
1470 3295 1490 3344 μ

399 3356 478 3426 quid]
497 3357 545 3426 qui
562 3357 590 3410 Ζ
672 3357 707 3413 10
724 3341 789 3412 dn'm'
805 3358 833 3411 Ζ
917 3358 1073 3427 expectatio
1159 3357 1287 3427 cetorum]
1304 3361 1376 3412 certe
1393 3359 1492 3413 eumz

399 3441 432 3497 11
451 3442 544 3497 omnia
561 3442 627 3498 heco
643 3443 685 3500 Ze
753 3441 938 3514 imprudenter
954 3459 971 3498 r
1042 3443 1076 3498 12
1093 3443 1123 3497 in
1141 3458 1191 3498 orm
1209 3463 1229 3513 μ
1298 3444 1449 3513 spectaculo
1466 3445 1494 3499 Ζ

398 3525 433 3581 13
455 3543 484 3581 ec
499 3528 583 3583 semel
600 3548 621 3598 μ
638 3544 667 3584 ss
681 3544 702 3585 s.
721 3529 739 3586 l.
751 3545 784 3584 m.
801 3531 822 3584 2
978 3529 1138 3585 renuntians
1155 3545 1205 3584 om
1224 3530 1264 3594 Ζ,·
1285 3536 1373 3585 emet
1390 3530 1537 3601 leyenclsem

397 3611 579 3668 renmcicndo
596 3620 647 3670 aut
663 3613 752 3670 ῑοοιωη
771 3629 827 3670 esee
845 3613 971 3670 mattham
983 3613 1126 3670 Pometios
1195 3613 1292 3668 nescies
1309 3635 1338 3684 μ,
1355 3615 1467 3668 remisse
1478 3615 1505 3668 Ζ

399 3697 434 3752 15
451 3697 621 3754 mnmciauit
637 3699 665 3754 Ζ
779 3698 822 3769 ut]
840 3713 922 3767 quam
940 3699 967 3753 Ζ
1085 3701 1174 3753 meter
1190 3700 1232 3752 est
1249 3700 1328 3769 quse]
1346 3701 1459 3754 matrem
1477 3699 1504 3753 Ζ

400 3781 436 3838 16
453 3781 546 3837 fideles
563 3798 647 3838 oomr
770 3783 839 3852 illis]
857 3784 949 3852 illosq.
967 3783 994 3837 Ζ
1121 3783 1282 3853 staurium]
1301 3784 1504 3853 anriumqusZ

398 3865 432 3921 17
455 3866 635 3938 uoluptatem]
653 3867 718 3924 ada
736 3867 774 3924 Z:
807 3867 982 3937 amplectitur
1007 3883 1072 3922 nem
1220 3868 1309 3938 conso]
1327 3869 1421 3924 consul
1438 3869 1500 3938 er

398 3953 474 4021 quasi
492 3951 597 4008 consuli
614 3952 663 4008 deo
680 3970 725 4024 rp,
743 3969 793 4008 om
813 3954 840 4008 Ζ
960 3953 994 4008 18
1011 3953 1092 4007 ceteri
1109 3951 1221 4021 reliquis
1237 3952 1343 4022 scripsi,
1361 3955 1455 4010 ceteris
1472 3955 1539 4010 reli·

397 4037 460 4106 quie
476 4054 521 4109 sp,
545 4040 625 4094 ceteri
642 4039 740 4108 reliqui
757 4038 791 4104 Z,
814 4041 933 4094 ceterum
956 4038 1055 4107 reliqui
1071 4055 1102 4102 oc
1119 4039 1155 4106 cs.
1178 4040 1290 4095 Tmoli.
1307 4039 1342 4094 de
1357 4047 1441 4109 spect.
1460 4057 1482 4096 c.
1500 4043 1533 4096 5:

396 4124 426 4179 et
443 4124 525 4178 ceteri
544 4139 648 4194 quoque
665 4123 845 4194 perordinem
919 4139 981 4178 cum
993 4123 1022 4177 Ζ
1088 4123 1228 4193 orbemrp
1303 4126 1336 4180 19
1347 4125 1538 4181 edocationem

396 4224 422 4276 o,
445 4208 647 4266 nduocstionem
664 4233 698 4260 =
717 4210 846 4266 solacium
864 4211 901 4279 cf.
923 4209 1035 4266 recall
1056 4209 1181 4266 Patiens.
1200 4215 1251 4276 11,·
1266 4209 1330 4267 loce
1348 4215 1386 4267 26
1400 4227 1430 4281 p.
1444 4213 1501 4268 262

398 4294 500 4351 scenice
517 4297 544 4350 Ζ
