4016 5054
420 313 484 378 208
891 307 1078 378 Appendix.

422 466 567 539 cumbunt,
589 483 662 540 quos
676 469 789 526 tuntum
804 465 958 542 uirginites
980 466 1118 540 probrose
1133 466 1311 538 condemnat,
1334 467 1472 539 quantum
1487 463 1554 524 illos

420 566 608 642 coniugulltss
623 570 752 628 eestrcts
766 567 926 641 glorificet,
952 566 1058 640 quibus
1073 565 1199 626 sufficiet
1213 566 1252 626 ed
1266 566 1439 642 supplicium
1464 565 1552 625 dede·

421 685 558 741 corosum,
584 670 660 743 quod
687 669 830 742 spadones
855 687 873 728 e
899 669 1069 744 coniugibus
1083 666 1257 728 iudicentur.
1270 667 1306 727 ed
1322 684 1442 742 quorum
1457 666 1552 726 incre·

420 770 564 846 petionem
577 789 635 832 non
649 771 764 832 luseum
779 774 848 831 sunt
862 770 949 831 etiem
964 769 1017 830 filii
1033 768 1143 842 Isrsel,
1158 769 1208 844 qui
1223 771 1299 844 spud
1314 769 1435 829 Esdram
1450 783 1553 828 uxores

420 877 449 932 et
463 872 538 932 lilios
552 876 653 932 contre
666 873 766 932 dluius
780 873 845 932 iure
860 875 1009 948 susceptos
1019 889 1076 933 non
1087 872 1215 932 cunctati
1229 871 1371 948 depellere
1386 889 1440 933 uec
1453 874 1574 934 centres

420 973 534 1033 Domini
549 974 700 1035 ceritetem
715 973 810 1035 consti
825 979 894 1034 sunt
915 989 1060 1034 excusare.
1087 991 1188 1035 uerum
1214 972 1316 1046 ieteeu
1338 975 1364 1033 si
1390 973 1550 1048 permittor.

421 1075 472 1150 qui
485 1094 560 1136 nuuc
574 1093 626 1150 pro
641 1074 821 1136 dimittendis
836 1075 951 1136 leminis
965 1075 1070 1136 alienis
1084 1075 1289 1152 adiunguntur,
1305 1075 1373 1150 quid
1386 1074 1553 1135 lecsreutsi

420 1177 527 1238 liberos
541 1182 571 1238 et
585 1195 687 1238 uxores
698 1178 827 1251 proicere
838 1178 1028 1239 iuberentur?
1042 1183 1094 1238 eut
1105 1180 1218 1252 quondo
1229 1177 1366 1238 uulebunt
1377 1195 1428 1252 pro
1438 1177 1553 1236 Christo

421 1278 583 1338 renuntiare
598 1279 739 1354 cognatis,
754 1279 805 1353 qui
819 1279 1004 1340 mulierculas
1015 1297 1072 1338 uon
1083 1298 1151 1340 sues
1161 1283 1338 1354 pruepouuut
1350 1277 1458 1338 Christi
1472 1294 1553 1350 pree·

420 1381 532 1454 ceptis?
555 1382 618 1442 dico
633 1399 682 1440 eos
696 1381 782 1442 leude
796 1398 849 1456 pro
864 1381 956 1442 isdem
978 1382 1155 1443 mulierculis
1169 1385 1303 1456 petentes
1316 1380 1447 1456 proprios
1462 1379 1551 1439 ebse-
1563 1401 1587 1440 ro

420 1498 499 1556 gere,
514 1499 599 1556 quum
613 1485 731 1557 propter
746 1481 892 1542 Christum
907 1483 1069 1557 relinquere
1084 1483 1164 1557 ipses
1178 1483 1362 1543 mulierculas
1377 1498 1480 1556 posse,
1502 1481 1553 1540 de-

420 1583 575 1657 spicientes
589 1586 663 1656 quod
690 1585 720 1643 in
735 1585 886 1659 euangelio
912 1585 975 1658 ipse
1002 1584 1141 1646 Dominus
1166 1587 1290 1645 testetus
1316 1588 1361 1644 est
1377 1585 1491 1643 dicens:
1522 1583 1553 1642 si

420 1685 502 1758 quis
524 1683 627 1743 uenit
648 1685 691 1744 sd
713 1703 764 1744 me
786 1687 822 1746 et
843 1702 912 1744 non
934 1685 1014 1745 odit
1034 1689 1177 1761 petrem
1197 1703 1298 1746 suum
1320 1688 1383 1745 sut
1404 1685 1554 1744 metrem

420 1788 482 1845 sut
502 1803 644 1846 uxorem
666 1791 703 1848 et
728 1787 839 1847 lilios
869 1790 905 1848 et
928 1789 1070 1848 fratres
1099 1792 1134 1848 et
1162 1803 1310 1848 sorores
1336 1791 1370 1846 et
1399 1785 1553 1845 enimam

421 1903 530 1960 suem,
553 1906 620 1948 nou
647 1891 773 1963 potest
794 1905 894 1951 meus
918 1907 998 1950 esse
1020 1888 1238 1964 discipulus.
1563 1910 1588 1951 rs

371 1999 412 2056 33
464 1989 494 2048 si
509 1990 544 2050 de
565 1990 723 2052 abiciendis
744 1992 913 2066 perentibus
929 1992 1096 2053 dubitantes
1118 1991 1229 2067 indigni
1251 1993 1319 2051 sunt
1333 1989 1457 2059 Christo,
1485 1986 1554 2062 quid

422 2090 478 2148 sibi
499 2091 671 2164 promittuut
697 2110 768 2166 quos
793 2096 1004 2170 contemptores
1030 2095 1148 2155 exhibet
1174 2095 1288 2153 Christo
1312 2109 1370 2152 uon
1395 2088 1553 2167 parentulis

421 2192 552 2253 effectio?
580 2211 614 2253 sc
628 2210 678 2268 per
692 2194 747 2255 hoc
761 2193 877 2255 illorum
893 2195 1003 2256 meritis
1018 2198 1203 2267 euecusntur,
1225 2211 1297 2270 quos
1312 2195 1412 2254 uident
1426 2195 1553 2251 contem·

420 2291 549 2367 pletioue
564 2295 672 2355 Christi
686 2295 782 2356 nullus
796 2313 936 2371 personas
951 2297 1080 2372 excipere
1095 2301 1289 2372 cognotorum.
1316 2312 1368 2356 nec
1394 2294 1489 2354 minus
1503 2309 1552 2355 eos

421 2395 472 2452 sed
485 2394 568 2468 peius
582 2395 668 2456 etiem
683 2397 728 2456 illi
742 2397 931 2470 confundunt,
946 2399 997 2472 qui
1009 2401 1168 2458 metuentes
1183 2415 1239 2458 nou
1255 2402 1367 2457 tuntum
1383 2415 1447 2456 cum
1457 2395 1553 2456 uliene
1561 2412 1589 2454 ro

421 2495 471 2554 sed
486 2495 573 2554 etium
589 2513 652 2556 cum
668 2516 721 2558 suu
747 2514 833 2558 cume
856 2498 972 2572 lucteri,
1000 2500 1156 2574 amputetis
1170 2498 1346 2574 genitalibus
1361 2499 1452 2558 semet
1473 2497 1551 2570 ipsos

420 2596 581 2658 abscidunt.
597 2599 632 2658 de
647 2601 752 2673 quibus
766 2601 850 2662 modo
871 2603 1091 2663 examinationis
1112 2603 1254 2676 suspendo
1276 2603 1448 2662 septemium
1462 2601 1552 2659 reliu-

419 2715 508 2772 queus
523 2700 581 2761 elis
596 2701 789 2777 disputatione
803 2705 998 2779 promendum.
1014 2705 1106 2766 sedin
1119 2705 1312 2766 confusionem
1326 2705 1483 2780 spadonum
1495 2720 1552 2763 uon

420 2800 519 2860 dubito
533 2802 664 2864 meliores
679 2805 821 2878 adserere,
849 2808 897 2879 qui
914 2823 966 2866 uec
990 2807 1047 2868 sibi
1070 2808 1186 2881 quidem
1211 2812 1349 2881 percunt,
1375 2823 1431 2866 nou
1458 2806 1552 2865 dicem

420 2901 534 2962 leminis
545 2905 651 2965 sudent
661 2909 869 2978 temptamente
882 2908 1038 2982 porrigere.
1054 2911 1245 2983 respondeant
1261 2907 1407 2983 spiritales
1427 2905 1588 2968 eunuchire

421 3005 485 3076 quis
500 3004 580 3064 furor
594 3009 639 3066 est
653 3007 684 3067 in
699 3008 852 3069 dilectione
868 3011 1021 3070 mulierum
1044 3012 1091 3071 uel
1114 3013 1189 3084 quod
1214 3012 1245 3071 iu
1260 3010 1383 3072 feminee
1398 3010 1552 3070 coutuber-

420 3105 540 3166 nelitete
555 3110 732 3182 mysterium,
750 3109 827 3170 utin
842 3110 995 3186 perniciem
1010 3130 1090 3172 suem
1106 3113 1208 3174 olienis
1223 3113 1358 3174 membris
1372 3111 1552 3186 indulgeant,

490 3341 524 3394 12
540 3339 603 3396 Luc
625 3342 667 3405 14,
685 3342 728 3396 26.

488 3579 801 3647 consuescere
948 3583 1175 3651 coniuguibusC
1316 3585 1517 3642 cnesdrsmc

419 3663 574 3718 beuucteti
591 3665 698 3721 suutO
824 3665 1046 3736 'lediunguutur
1066 3669 1096 3731 0,
1114 3669 1295 3726 adhaerente
1422 3672 1519 3728 sio-G

418 3747 632 3806 eiuboanture
754 3750 998 3809 lOeoseeeoG
1110 3754 1252 3812 leciliueo
1372 3755 1519 3813 bisdcmG

420 3833 452 3886 11
469 3833 543 3904 ipses
560 3833 628 3893 mul.
646 3835 731 3890 reto
836 3837 870 3891 12
887 3839 1005 3892 testatus
1023 3841 1065 3892 est
1083 3837 1173 3894 dicens
1195 3839 1225 3906 0,
1242 3841 1346 3898 dixlto
1450 3842 1485 3896 13
1502 3845 1552 3897 out

418 3917 475 3972 lilio
493 3919 613 3975 cutte
705 3921 740 3975 21
758 3927 842 3976 semet
860 3922 934 3992 ipsos
952 3939 1038 3978 orno
1130 3925 1165 3979 22
1181 3925 1362 3984 ebscedunto
1452 3927 1488 3983 23
1504 3927 1551 3983 sed

419 4002 446 4056 iu
465 4003 621 4059 contusione
641 4004 671 4070 0,
690 4005 836 4060 secuudum
854 4007 1037 4062 confusionem
1055 4025 1071 4064 o
1190 4011 1226 4066 24
1242 4015 1357 4080 pereunt
1374 4011 1482 4080 quidem
1500 4028 1518 4067 e

418 4088 455 4148 25
472 4089 580 4158 porrige
600 4091 635 4146 θ’
738 4091 774 4146 26
792 4094 834 4146 est
852 4107 938 4148 om.o
1041 4093 1113 4163 quod
1129 4095 1173 4161 0¹,
1191 4095 1262 4165 quod
1279 4097 1317 4152 sit
1334 4095 1387 4152 C'o
1477 4100 1549 4154 oout.

418 4171 568 4231 seminece
671 4175 706 4230 27
723 4175 894 4248 mysterium]
912 4179 1138 4236 ministeriumc
1240 4181 1384 4251 indulgent
1401 4183 1436 4240 6¹
