4014 5056
380 365 442 414 xnv

373 499 554 583 praecipu
567 501 683 566 scete
695 500 875 584 scripturae
889 501 1092 583 losioouoto,
1107 501 1147 568 ob
1161 501 1265 586 ipsios
1278 502 1429 569 Auctoris
1443 503 1516 570 stilo

378 616 508 677 serato
531 611 668 696 fideliter
688 611 728 677 io
749 613 878 694 optimis
902 613 1142 697 compluribus,
1176 613 1347 680 Veronensi
1368 613 1514 680 etBeoe·

379 725 526 803 sentuno,
553 721 677 788 collutis
700 723 778 788 oiim
802 744 826 789 o
846 724 1003 791 Marcello
1018 725 1089 791 PP.
1114 729 1144 792 et
1167 724 1312 790 Antonio
1331 726 1515 810 Aupustireo

379 829 537 913 Episcopo
561 837 636 898 tuoe
661 832 829 918 Allifano:
859 853 940 916 quoe
964 836 1003 900 io
1029 833 1189 918 prriom
1212 835 1383 916 uolumine,
1412 855 1516 901 mono

378 941 592 1008 illustrissimi
613 947 642 1008 et
664 944 922 1010 reuerentissimi
945 944 1126 1012 Tolosatem
1143 945 1383 1030 Arobiepiscopi
1404 945 1516 1014 Garoii

380 1053 563 1119 Monctolli
577 1105 583 1119 .
598 1105 605 1118 .
618 1103 626 1120 .
638 1074 764 1120 uooono
778 1055 963 1140 ddiposste'oj'
974 1074 1100 1121 somene
1112 1057 1175 1139 fide
1184 1056 1352 1139 dauipto,
1361 1059 1514 1138 perpetuo

378 1161 467 1227 oobis
487 1163 563 1229 sisui
583 1164 673 1246 foere
694 1163 747 1251 (ot.
765 1162 834 1230 Obs.
852 1185 884 1248 p.
903 1162 991 1250 144).
1013 1164 1063 1232 bis
1088 1164 1192 1231 uerbis
1215 1165 1389 1231 cenandum
1413 1165 1514 1231 estne

379 1272 513 1338 conicias
526 1321 529 1327 .
542 1274 672 1340 ultorem
698 1274 886 1342 Veronensis
915 1275 990 1342 libri
1016 1277 1049 1343 et
1073 1275 1285 1342 Beneuentani
1315 1275 1513 1342 collationem

379 1381 475 1448 inisse
502 1401 564 1466 qna
586 1384 745 1469 Rigaltius
772 1384 928 1452 nubatur.
956 1385 1024 1469 ipss
1049 1385 1133 1451 enim
1157 1386 1191 1451 in
1205 1385 1375 1450 Moeridis
1395 1404 1427 1467 p.
1448 1385 1514 1452 234

378 1492 530 1560 retrectat
549 1512 626 1577 quoe
640 1495 672 1560 in
690 1493 968 1561 Obsoruotiombccs
988 1496 1150 1562 docuerat:
1172 1494 1279 1562 Pooio
1288 1501 1361 1578 post
1374 1495 1513 1562 emode-

378 1605 446 1667 tom
460 1603 544 1684 typis
560 1601 821 1686 Obsemotiooem,
841 1605 919 1670 dum
931 1605 1037 1670 scidis
1049 1625 1119 1670 meo
1131 1607 1213 1690 sorte
1226 1611 1397 1672 amoreis
1410 1607 1514 1672 curio-

378 1712 455 1794 sios,
476 1712 667 1797 doprdcecdi
685 1715 806 1798 scetem
820 1735 843 1780 o
857 1714 1015 1782 Marcello
1029 1717 1127 1798 Papo
1146 1717 1247 1782 trium
1262 1717 1403 1783 codicum
1425 1714 1514 1782 Voti·

378 1843 532 1889 cooorom
554 1823 760 1903 coiiotioreem,
784 1843 856 1890 cum
878 1824 983 1892 adbuc
1003 1831 1080 1891 esset
1100 1845 1138 1890 oc
1159 1823 1514 1913 diceretur'Morcellos

381 1931 538 1999 moseos
559 1932 766 2000 Oordioaiis:
791 1934 989 2001 collatiomm
1012 1955 1087 2001 uero
1112 1935 1303 2018 excerptoris
1325 1932 1514 2002 Veronensis

379 2063 401 2107 o
415 2041 536 2108 Lotioo
556 2043 707 2108 Minio:
730 2043 955 2110 Beoeueotom'
974 2045 1014 2110 ob
1033 2046 1113 2110 Aet.
1134 2045 1326 2128 Aupostion
1352 2049 1428 2111 roeo
1447 2044 1513 2126 epi·

380 2171 468 2234 scopo
482 2152 645 2235 Allifano.
665 2152 789 2220 fallitur
804 2155 843 2221 de
857 2155 916 2222 bec
929 2155 1065 2240 Rigaltii
1080 2155 1275 2238 supellectile
1290 2153 1400 2222 critice
1414 2156 1513 2222 Bolu-

380 2261 455 2341 uius‚
472 2282 544 2328 oum
555 2264 684 2328 eandem
694 2263 758 2329 fere
770 2265 864 2345 atque
875 2265 942 2346 ipse
952 2263 1089 2329 babebat
1101 2264 1195 2328 illum
1206 2248 1353 2330 latuisse
1364 2265 1512 2347 dieat(sd

381 2371 471 2454 epist.
483 2371 534 2450 10,
547 2390 572 2436 o.
582 2371 626 2456 4).
639 2371 944 2438 nsmVnticanorum
952 2373 1040 2438 nulls
1051 2373 1099 2438 est
1108 2374 1190 2455 apud
1199 2373 1376 2458 Rigaltium
1384 2373 1512 2438 mentio.

381 2481 482 2565 magis
509 2481 606 2546 etism
633 2480 767 2559 fallitur,
796 2499 868 2545 cum
891 2481 931 2547 sd
953 2482 1043 2564 epist.
1069 2483 1109 2548 16
1130 2483 1307 2566 Rigaltium
1329 2482 1512 2566 quaudoque

381 2591 497 2656 librum
505 2591 712 2658 Veronensem
723 2611 778 2674 pro
790 2590 926 2658 editions
935 2593 1117 2659 Manutisns
1127 2593 1255 2659 laudere
1269 2594 1513 2675 opinetu13nam

381 2721 418 2767 ex
432 2702 605 2767 conlatione
619 2701 681 2768 sibi
695 2701 734 2767 de
749 2702 913 2785 seripturis
928 2703 994 2768 sius
1010 2720 1081 2768 cum
1092 2701 1276 2768 Manutiane
1291 2702 1513 2768 consentienti·

380 2811 439 2877 bus
460 2811 599 2877 constare
614 2813 681 2896 ipse
696 2813 820 2895 saepius
835 2813 994 2878 assensrst
1007 2814 1096 2879 uelut
1110 2813 1144 2878 in
1159 2812 1278 2879 obseru.
1294 2812 1335 2877 sd
1350 2812 1441 2896 epist.
1456 2812 1509 2877 52.

380 2920 453 2987 inde
467 2921 530 2986 inm
542 2921 705 3006 apparebit
717 2923 756 2987 ad
768 2921 844 2988 libri
859 2922 1014 3006 deperditi
1028 2924 1199 3006 scripturas
1214 2922 1406 3006 colligendas
1421 2941 1512 3005 pnoe-

318 3063 321 3070 ·
380 3031 429 3096 tor
443 3029 648 3116 Gottingense
669 3031 827 3116 exemplar
845 3032 979 3117 Rigaltii
999 3035 1090 3099 notas
1110 3033 1242 3099 maximi
1264 3051 1330 3098 esso
1350 3033 1513 3113 momenti,

380 3140 565 3223 praesertim
587 3158 660 3207 cum
673 3141 707 3207 in
721 3142 914 3226 proferendis
934 3142 1126 3209 testimoniis
1147 3161 1271 3208 summo
1292 3141 1355 3208 lide
1369 3144 1511 3210 uersatus

380 3250 584 3332 qnae'minus
605 3252 689 3316 certe
710 3250 770 3316 sibi
785 3252 969 3318 uiderentur
984 3254 1127 3318 accurate
1142 3253 1379 3337 signifiosnerit.
1401 3251 1442 3317 ed
1457 3251 1513 3318 hos

380 3358 481 3425 fontes
502 3359 622 3425 scoeffit
642 3360 737 3426 editio
752 3357 943 3428 Oxoniensis.
968 3362 1110 3447 episcopo
1131 3363 1214 3428 enim
1230 3361 1396 3427 Oxoniensi
1418 3361 1513 3426 cotio·

379 3468 478 3534 tiones
498 3468 620 3550 aliquot
642 3469 782 3535 codicem
812 3469 1050 3550 Voticooorum,
1084 3471 1270 3536 Veronensis
1291 3470 1402 3535 itidem
1423 3473 1515 3551 atoue

380 3557 604 3645 Beneuentani
629 3599 685 3646 nec
710 3597 776 3644 ooo
802 3578 899 3662 loeis
926 3579 1066 3658 Gallice,
1095 3581 1199 3645 dudio
1228 3579 1417 3646 amicissimi
1445 3577 1514 3645 oiri

380 3689 502 3757 domim
531 3689 660 3756 Roboti
689 3689 794 3774 Riobe
828 3692 967 3774 perlatae
1000 3693 1123 3775 praesto
1156 3691 1290 3758 fuerunt.
1332 3689 1514 3757 Veronensis

380 3801 549 3884 scripturas
570 3823 649 3886 quae
662 3803 696 3869 in
715 3802 774 3868 boc
793 3802 945 3886 apparatu
967 3804 1131 3869 occurrunt
1152 3820 1277 3868 summa
1297 3802 1440 3867 cautione
1454 3799 1512 3867 ad-

379 3911 666 3994 hibui‚nonnu11cs
687 3912 742 3978 nbi
764 3931 850 3979 error
871 3911 938 3978 erat
959 3913 1144 3980 manifestus
1164 3914 1267 3994 reieci,
1292 3913 1454 3996 conplures
1475 3913 1513 3978 nt

381 4022 567 4106 suspiciosas
582 4023 690 4090 addito
704 4027 769 4088 test.
788 4021 889 4088 Oeoo.
904 4023 1022 4089 sitsui„

423 4135 471 4202 Ex
484 4135 534 4202 his
556 4136 655 4221 igitur
679 4135 820 4202 lontibus
843 4153 920 4219 qnos
944 4136 1093 4222 descripsi
1114 4136 1282 4223 diligenter
1305 4137 1443 4205 excussis
1464 4135 1514 4200 tot

381 4245 469 4330 potui
490 4246 604 4312 codicis
623 4245 808 4313 testimonie
827 4264 998 4329 proponere
1012 4250 1049 4313 ut
1064 4247 1242 4330 deperditus
1262 4266 1358 4330 poene
1371 4246 1513 4330 repertus
