4014 5056
411 423 436 470 X

411 575 507 622 mnae
519 557 621 623 aneni
635 575 728 621 snm
741 573 906 640 apmsccrc
914 558 1061 638 parant.
1077 553 1179 620 isdem
1194 553 1257 619 tere
1271 552 1375 619 uerbis
1386 551 1544 619 Veronen-

412 665 456 731 sis
470 667 606 732 aetstm
620 665 764 732 Latinius
780 665 938 749 praedicet
952 665 986 730 in
997 662 1197 730 Bibliotheca
1210 681 1305 728 sacro
1319 663 1409 729 uelut
1422 683 1453 748 p.
1466 663 1543 740 176,

412 777 491 844 1‘18:
522 776 727 844 Veronensem
747 794 801 860 epo
820 795 887 841 non
906 780 982 841 onte
996 779 1169 860 conparatos
1182 793 1287 842 annos
1300 774 1355 842 sed
1367 779 1443 840 onte
1456 772 1545 838 mille

410 888 565 970 scriptam
584 907 647 953 esse
669 887 890 966 nmaidein,
909 886 988 952 item
1008 887 1126 952 batinii
1145 886 1335 972 biographus
1354 904 1385 969 p.
1406 886 1437 951 3.
1461 885 1545 950 hunc

410 998 548 1064 adicem
574 1017 593 1064 a
619 997 773 1064 canonicis
802 996 1032 1063 Veronensibus
1062 995 1212 1063 cardinali
1241 993 1349 1062 Garolo
1375 996 1544 1061 Boromaeo

359 1127 363 1137 ·
411 1108 490 1174 dono
512 1109 622 1174 datum
643 1107 723 1173 etin
743 1109 810 1172 cius
832 1107 1023 1174 bibliotheca
1045 1108 1241 1174 assernatnm
1263 1105 1359 1171 fuisse
1380 1105 1473 1172 testis
1495 1106 1544 1195 est

410 1219 572 1286 Manutius
582 1218 616 1284 in
627 1217 856 1302 Ortbograpbia
867 1235 892 1283 s.
904 1238 936 1283 u.
948 1217 1074 1284 area.
1089 1235 1169 1300 quae
1183 1215 1250 1282 ista
1264 1216 1376 1283 deinde
1389 1215 1544 1294 babuerit,

409 1327 466 1393 ubi
489 1327 619 1411 perierit
641 1327 797 1394 necamus
823 1324 878 1414 (ct.
899 1327 1005 1393 Malioi
1027 1325 1138 1408 Opino.
1164 1327 1264 1392 eccles
1290 1326 1362 1407 106,
1389 1324 1543 1392 blabillon

410 1437 479 1504 Iter
493 1437 638 1503 delbora
658 1433 772 1522 (1687)
791 1457 823 1521 p.
840 1438 892 1516 23,
914 1437 1028 1502 Blnme
1042 1437 1111 1502 Iter
1125 1435 1270 1502 tolenno
1289 1437 1307 1500 Ι
1323 1455 1354 1518 p.
1370 1435 1444 1514 556,
1467 1435 1541 1512 257,

412 1546 499 1633 149).
522 1548 576 1614 scd
596 1547 772 1629 permultae
792 1547 859 1614 eius
874 1545 1058 1613 adferuntur
1078 1546 1261 1630 scripturae,
1281 1545 1394 1629 quibus
1408 1544 1545 1628 undique

410 1656 542 1722 conlatis
561 1657 744 1739 plenissima
763 1657 802 1722 de
815 1659 929 1722 natura
948 1676 985 1723 ac
1005 1656 1124 1722 uirtute
1144 1657 1219 1723 libri
1240 1655 1376 1722 officitur
1393 1655 1540 1740 cognitio.

411 1784 473 1849 qus
491 1766 525 1831 in
540 1786 574 1832 ro
595 1785 667 1831 cum
688 1765 836 1849 Cypriani
858 1766 993 1833 editores
1014 1765 1231 1852 neglegentius
1252 1766 1372 1832 uersari
1393 1766 1544 1844 uiderem,

410 1873 559 1941 insontes
580 1874 663 1941 unde
683 1876 855 1959 scriptrnse
869 1876 944 1942 illae
959 1875 1117 1942 fluxerunt
1130 1875 1307 1943 accuratius
1321 1876 1543 1959 iuqnnendum

411 1985 543 2052 deenen.
568 1987 662 2069 atquc
683 1985 775 2070 longe
797 1987 936 2054 maxima
956 2006 1029 2070 pars
1050 2005 1087 2052 ex
1101 1987 1222 2053 Latinii
1245 1987 1369 2053 scriniis
1390 1987 1468 2070 ipsis
1490 1987 1545 2052 de-

409 2096 556 2179 prompta
567 2096 623 2173 cst,
637 2113 673 2160 er
684 2095 798 2178 quibus
810 2097 876 2163 eius
887 2094 1128 2162 Observationes
1138 2096 1339 2162 correctiones
1350 2095 1546 2160 martores

409 2204 449 2270 in
469 2221 576 2269 sacros
597 2207 626 2268 et
643 2205 800 2288 profanos
824 2205 992 2287 scriptores
1017 2206 1051 2271 in
1072 2204 1190 2271 librum
1216 2205 1270 2288 qui
1284 2205 1402 2272 Romae
1427 2205 1547 2288 prodiit

409 2333 438 2380 a.
468 2314 552 2379 1577
577 2313 777 2380 Bibliotheca
804 2332 900 2379 scaro
924 2318 953 2379 et
973 2315 1120 2396 prosam
1148 2313 1334 2398 inscriptam
1361 2314 1545 2380 Domiuicus

409 2407 535 2490 Macros
557 2423 725 2508 congessit3
757 2424 811 2489 sed
832 2425 959 2491 tenuem
981 2425 1015 2489 in
1036 2423 1087 2490 his
1108 2423 1182 2490 libri
1197 2424 1383 2491 Veronensis
1404 2424 1546 2491 inuenies

248 2555 343 2600 arnse
361 2534 604 2617 rememoriam,
628 2535 783 2616 quianon
805 2533 867 2599 nisi
891 2553 971 2617 quae
990 2534 1137 2600 Latinius
1159 2534 1294 2600 soconda
1317 2554 1392 2600 curu
1413 2535 1544 2600 editioni

294 2623 356 2666 ‘¹⁸¹¹'
410 2641 610 2708 Pamelianae
640 2640 754 2730 (1568)
784 2645 874 2708 notas
910 2644 1118 2726 adscripscrat
1152 2645 1285 2710 edendas
1315 2645 1372 2710 ille
1402 2644 1539 2711 curabat.

410 2752 502 2817 subs
527 2769 599 2817 uero
625 2770 697 2817 curn
723 2753 842 2818 iustam
871 2753 1040 2820 editionem
1069 2754 1243 2832 adornaret,
1275 2755 1394 2820 multos
1424 2755 1544 2821 codices

409 2860 492 2927 inter
506 2877 583 2945 quos
599 2861 807 2927 veronensem
819 2862 986 2929 Vaticanos
1001 2862 1245 2947 Neapolitanum
1259 2865 1444 2944 contulerat,
1467 2883 1544 2948 quo-

409 2990 481 3038 rum
495 2969 635 3037 subsidio
650 2973 817 3053 permultis
832 2973 911 3038 locis
925 2973 1087 3055 scriptoris
1101 2973 1196 3038 uerba
1210 2973 1400 3058 castigabat,
1414 2973 1543 3059 religio-

410 3081 476 3148 sius
500 3081 536 3146 in
561 3099 596 3146 co
621 3081 746 3165 nogotio
776 3083 919 3148 uersatns
950 3101 1045 3167 quam
1071 3082 1125 3165 qui
1151 3081 1323 3148 sditionem
1348 3085 1382 3150 in
1407 3083 1544 3150 Manutii

410 3191 535 3258 officina
557 3191 787 3274 inprimendam
811 3192 979 3270 curabant;
1002 3192 1194 3276 deonorum
1217 3193 1348 3260 libidine
1367 3195 1418 3260 his
1439 3194 1545 3260 uerbis

410 3302 551 3385 queritur
573 3302 607 3365 in
627 3303 718 3383 epist.
742 3303 781 3367 sd
802 3303 940 3369 Manium
954 3304 988 3368 II
1010 3323 1040 3386 p.
1065 3303 1142 3368 109:
1165 3300 1216 3366 De
1239 3302 1402 3384 Cypriane
1418 3308 1499 3386 preto
1517 3309 1547 3370 tc

409 3410 513 3478 nescrb
535 3410 614 3492 qnid
630 3411 838 3492 praeclaram
857 3419 1044 3494 mamare,
1065 3413 1119 3480 sed
1138 3416 1284 3497 fnestra·
1305 3414 1483 3480 ktnatnnr
1501 3419 1545 3480 est

408 3541 432 3586 a
451 3539 500 3586 nse
519 3519 688 3604 ditiperrtcr
710 3539 748 3587 ac
769 3541 895 3588 nmmo
914 3523 985 3606 fida,
1011 3523 1114 3589 malta
1137 3525 1283 3590 restituto
1304 3529 1389 3604 sant,
1415 3525 1547 3590 oridr‘tra

408 3631 506 3696 dmm
525 3649 631 3713 paene
655 3630 759 3698 inane
784 3632 991 3714 epistolarum
1014 3633 1101 3700 tiber.
1134 3633 1353 3700 Verumtamen
1374 3635 1456 3700 mibi
1474 3634 1547 3717 fiori

409 3741 490 3807 satis
509 3759 575 3806 non
594 3745 704 3822 potest,
722 3742 851 3824 quoodo
871 3743 1075 3825 qnoenndoon
1089 3743 1253 3811 hominnm
1268 3744 1401 3811 libidine
1415 3765 1481 3811 non
1495 3749 1547 3809 sat

409 3851 483 3931 seio,
497 3871 543 3916 an
552 3851 731 3933 prescientia
746 3854 944 3918 commissam
958 3857 1013 3933 est,
1027 3857 1063 3918 nt
1077 3858 1188 3920 contra
1202 3856 1392 3937 scriptorran
1405 3855 1546 3921 οοὰἱαιηι

408 3961 504 4046 fidem
517 3959 680 4026 rronnnila
694 3966 814 4026 odanto
828 3963 905 4042 sint,
928 3963 1041 4045 aliane
1056 3964 1153 4030 etiam
1168 3965 1291 4045 addito,
1308 3965 1457 4047 plurima
1471 3983 1546 4030 nero

410 4072 508 4158 (qood
522 4076 629 4138 tonrcn
644 4071 688 4138 ad
702 4073 938 4155 scripturaram
952 4075 1052 4140 citato
1061 4075 1188 4156 possim
1202 4077 1382 4142 anim
1389 4077 1546 4164 penten)

410 4183 590 4262 inornata,
614 4187 650 4248 nt
676 4203 773 4267 qnam
795 4183 868 4267 fieri
892 4185 1027 4250 mirrime
1046 4191 1150 4268 possa
1176 4206 1198 4251 o
1222 4187 1358 4273 nntpoto
1383 4207 1547 4254 sacrorum

409 4293 594 4362 Bibliornm
617 4295 752 4362 eddionc
774 4295 1000 4378 doemon.
1030 4295 1118 4374 Qreae
1140 4299 1293 4383 nestorii,
1314 4303 1350 4365 at
1371 4319 1411 4365 ne
1433 4318 1548 4366 norrren
