4000 5066
891 409 1075 478 Appendin.

706 883 820 979 xvi.
866 880 1264 980 urrsnvnln.
1345 1009 1347 1014 Ι

765 1340 788 1396 Ι.
813 1338 988 1397 llohh'lvs
1010 1337 1213 1396 ortamno,

465 1520 558 1602 (inodo
573 1545 602 1600 te
617 1541 748 1610 rotinere,
764 1540 944 1600 sanctissima
961 1541 1110 1616 Cypriane,
1127 1538 1291 1613 quaonobis
1301 1539 1389 1599 fuerit
1400 1542 1474 1614 apud
1487 1557 1552 1598 ora·

422 1649 511 1704 torem
525 1643 693 1717 garrulitas,
716 1661 790 1702 unrrs
805 1661 916 1716 sensns,
943 1661 1000 1703 una
1015 1642 1163 1716 cogitatio,
1179 1641 1328 1700 indiuidua
1342 1643 1436 1702 lectio.
1462 1659 1552 1716 quaro

420 1763 476 1805 non
492 1749 522 1804 et
536 1747 567 1804 iu
578 1745 676 1804 diuina
691 1746 812 1805 lectione
827 1747 869 1804 ita
891 1745 994 1805 animis
1009 1742 1199 1805 roboramur?
1229 1746 1281 1804 aut
1301 1762 1358 1804 uon
1379 1761 1413 1804 ea
1439 1759 1572 1818 semper⁵

422 1849 504 1907 nobis
520 1847 577 1906 fuit
591 1849 735 1920 cogitatio,
752 1850 827 1908 sicut
841 1849 1038 1922 promittebas,
1054 1851 1087 1906 ut
1101 1846 1186 1905 simul
1203 1848 1380 1906 crederemus
1396 1875 1463 1908 *saa

518 2077 559 2134 ll.
583 2077 767 2138 EPISTVLA
791 2076 971 2134 CORNELII
993 2075 1121 2133 Phuni}
1143 2076 1196 2133 hh
1219 2073 1454 2132 crpulhhvnt.

464 2239 637 2321 Dilectiouis
653 2266 720 2322 tuae
735 2280 790 2321 non
806 2261 991 2322 delectabilia
1017 2265 1045 2319 ot
1072 2265 1170 2320 eontra
1198 2260 1262 2319 fidei
1292 2261 1420 2334 regulam
1446 2259 1554 2333 scripta

422 2364 543 2435 suscepi,
560 2363 590 2420 in
606 2364 710 2436 quibus
726 2380 846 2422 nauseas
872 2362 1024 2436 recognoui
1052 2365 1081 2421 et
1107 2379 1216 2421 nenena
1231 2379 1390 2420 semitonum
1416 2361 1553 2421 aduersus

421 2463 591 2524 catholicam
614 2483 665 2538 por
678 2467 770 2523 totum
786 2466 880 2524 orbona
898 2464 1030 2524 ditiusam
1046 2465 1198 2524 ecclesiam
1215 2463 1399 2522 horribilibus
1420 2481 1439 2522 a
1459 2466 1489 2520 to
1504 2481 1589 2521 su·1c

421 2566 529 2638 peracri
556 2566 673 2624 zizaniis
689 2584 744 2626 non
760 2566 886 2624 laudaui.
913 2581 985 2638 quae
1001 2569 1067 2638 poto
1082 2567 1221 2625 uelociter
1240 2565 1326 2624 tollas
1348 2583 1383 2624 ac
1403 2565 1554 2637 praedam-

334 2745 337 2752 Ι
421 2681 481 2724 nes.
509 2667 584 2739 quod
599 2666 678 2740 prius
694 2666 809 2740 quidem
835 2671 865 2725 ts
894 2667 989 2725 iacere
1018 2669 1172 2739 oportebat
1198 2684 1283 2740 quam
1298 2666 1327 2723 in
1343 2667 1446 2724 mundo
1468 2664 1555 2724 letale

421 2769 502 2826 uirus
517 2785 664 2841 aspersum
679 2769 852 2840 simplicium
869 2771 899 2826 et
916 2768 1109 2827 innocentium
1132 2769 1259 2826 inliceret
1274 2770 1392 2825 mentes.
1416 2783 1471 2825 non
1487 2783 1554 2838 orgo

422 2867 540 2941 dignum
556 2871 602 2928 cst
618 2869 804 2942 rebaptizare.
821 2885 889 2943 ergo
906 2869 1021 2928 eradica
1037 2871 1066 2928 et
1082 2869 1202 2940 extrica,
1218 2871 1251 2926 ut
1267 2869 1400 2939 diximus,
1423 2867 1555 2927 florulen-

422 2970 460 3029 tis
476 2970 657 3030 sermonibus
672 2973 759 3044 atque
776 2970 872 3044 dignis
889 2988 941 3044 per
956 2971 1144 3044 posteriorem
1161 2972 1309 3044 epistolam
1326 2973 1420 3044 priora
1435 2969 1553 3042 scripta,
1565 2991 1588 3028 n

422 3089 495 3144 quaa
511 3075 609 3130 contra
623 3073 792 3130 catholicam
815 3073 900 3132 iidem
914 3089 1009 3132 serora
1025 3076 1198 3131 consuerunt
1212 3073 1357 3146 genimina
1382 3073 1551 3144 uiporarum.

422 3189 477 3230 non
493 3174 567 3230 enim
580 3174 662 3232 decet
677 3175 773 3232 tantae
789 3173 870 3233 urbis
886 3174 1046 3232 antistitem
1062 3173 1386 3248 excellentissimumque
1398 3175 1552 3243 doctorem,

424 3279 456 3333 ut
476 3276 543 3334 dnm
566 3277 651 3347 putas
673 3275 801 3335 haeresis
822 3276 969 3348 baptisma
991 3277 1270 3348 praedamnandum,
1296 3293 1393 3334 norum
1412 3275 1554 3347 baptisma

421 3376 603 3436 sermonibus
625 3377 767 3437 maculare
782 3378 888 3436 audeas
903 3395 975 3451 quae
991 3377 1071 3436 doles
1088 3381 1189 3438 contra
1203 3378 1361 3452 apostolum
1377 3376 1487 3436 scilicet
1508 3393 1553 3435 re·

421 3495 549 3552 pugnare
565 3478 723 3538 dicentem:
754 3496 844 3538 unus
867 3479 978 3550 Dous,
1001 3497 1070 3537 una
1091 3479 1208 3552 sides,
1231 3497 1335 3539 unuin
1358 3479 1586 3552 baptismam

488 3626 525 3678 ao
542 3624 611 3693 spu.
629 3625 654 3690 4,
671 3626 697 3679 o.

489 3762 576 3830 Epist.
592 3760 613 3816 1.
631 3791 666 3801 -
682 3763 701 3814 3
718 3765 849 3815 oratorem
862 3763 931 3826 MQ,
950 3764 1068 3816 oratores
1088 3762 1230 3816 Pometios
1248 3764 1297 3829 put
1314 3778 1348 3816 ea
1365 3761 1455 3815 codice
1473 3761 1553 3815 Cana·

420 3846 551 3900 brocam
563 3845 674 3913 primus
692 3845 778 3899 edidit
795 3847 867 3900 hacc
885 3846 1032 3913 epistulam
1134 3847 1153 3899 4
1171 3847 1261 3914 lectio]
1281 3846 1388 3899 dilectio
1406 3847 1476 3900 cuni.
1496 3845 1553 3898 Bo·

421 3932 514 3986 lucius
619 3932 637 3986 6
654 3931 725 3986 sicut
742 3931 966 4000 promittebamus
986 3931 1131 3996 Balanitae,
1151 3947 1203 3986 om.
1224 3932 1370 3985 Pamcls'sa.

489 4017 577 4086 Epist.
595 4017 632 4071 11.
650 4017 825 4085 -Epistola
843 4017 961 4071 Cornelii
978 4033 1063 4086 papae
1080 4017 1115 4070 ad
1134 4017 1290 4087 ciprianum
1309 4021 1326 4087 β
1442 4018 1474 4070 13
1491 4017 1551 4069 infl-

420 4104 492 4157 cerct
509 4104 534 4174 β,
559 4103 722 4156 interflueret
744 4102 884 4156 Betucius
907 4104 955 4171 pai
971 4102 1045 4156 hanc
1067 4102 1210 4172 epistolam
1233 4117 1268 4156 cx
1285 4101 1389 4156 daodm
1412 4102 1489 4156 libata
1505 4119 1552 4156 roc·

420 4189 523 4244 toralias
541 4189 628 4244 edidit
771 4187 805 4242 16
823 4188 916 4257 serere]
936 4203 1042 4243 seruere
1060 4191 1077 4261 β
1095 4194 1122 4243 ct
1143 4188 1206 4242 Bul.
1350 4188 1484 4255 genrrnina
1502 4189 1520 4259 β

422 4275 455 4327 19
473 4274 568 4328 audias
585 4273 650 4328 Bal.
754 4275 830 4342 olnae]
850 4275 893 4328 nol
912 4289 962 4342 que
981 4275 999 4345 β
