4016 5054
410 357 475 424 224
885 353 1069 424 Appendix.

411 475 504 576 officio
525 516 683 577 attrahitur
704 515 833 576 uicissim
848 533 882 576 ac
896 517 1027 578 redditur
1040 517 1159 590 halitus,
1185 519 1295 576 certum
1310 517 1388 576 uitae
1404 515 1541 577 indicium

411 620 471 679 cst:
493 621 569 680 unde
597 619 733 692 loquendi
759 618 963 678 cousuetudine
987 617 1096 692 spirare
1118 619 1315 693 dicunturqui
1330 618 1434 678 uiuunt
1447 620 1478 677 et
1492 635 1541 678 ex-

410 722 537 798 spirasse
559 723 609 796 qui
634 722 725 781 uitam
747 719 891 782 finierunt.
915 721 1028 797 quinat
1046 720 1142 782 anima
1156 720 1268 782 habuis
1282 721 1369 780 flatus
1383 719 1490 780 dicitur
1504 722 1542 780 ad

411 825 534 886 Graecae
556 825 635 885 uocis
659 823 860 897 imitationem,
886 824 936 899 qui
957 828 1075 884 uentum
1089 813 1205 904 ἄνεμον
1224 827 1337 885 uocant
1359 840 1446 898 super
1469 824 1542 883 haec

411 929 478 988 sunt
500 927 532 985 iu
553 927 617 1001 ipso
637 925 751 988 homino
774 925 960 986 subtilissimi
974 926 1096 1000 spiritus
1110 943 1129 985 a
1144 927 1228 986 corde
1243 925 1292 984 ubi
1308 925 1417 986 iontem
1431 925 1562 985 habente

410 1030 504 1106 sparsi
518 1046 570 1104 per
584 1027 750 1090 uniuersum
764 1045 878 1103 corpus,
902 1029 954 1090 aad
974 1028 1124 1104 praecipue
1137 1046 1190 1103 per
1203 1027 1325 1088 arterim
1340 1031 1541 1100 tommentis,

408 1132 478 1192 licet
492 1135 522 1190 et
535 1130 602 1191 aliia
627 1131 759 1204 partibus
782 1131 916 1191 omuibus
936 1131 1034 1191 mixti:
1058 1130 1089 1190 hi
1109 1131 1135 1190 ai
1154 1129 1250 1190 subito
1271 1128 1396 1202 auolant,
1420 1131 1541 1189 mortem

408 1237 586 1309 praesentem
607 1234 747 1294 adamat:
770 1233 817 1293 siu
840 1233 1032 1306 includantur,
1057 1232 1137 1292 lenta
1158 1231 1355 1306 aegrotatione
1369 1235 1542 1291 consumunt

408 1336 561 1398 hominem.
584 1335 667 1395 adem
681 1337 713 1394 et
726 1335 829 1396 humor
844 1336 960 1409 quidam
975 1333 1128 1407 naturalis,
1151 1351 1235 1408 quem
1251 1336 1283 1392 ut
1297 1333 1422 1393 arbitror
1437 1331 1540 1392 medici

408 1437 545 1511 phlegma
569 1439 684 1506 uocant,
712 1451 830 1509 sparsus
854 1441 885 1496 at
897 1437 961 1511 ipsc
977 1452 1027 1510 por
1039 1435 1205 1496 uniuersum
1220 1453 1332 1508 corpus.
1354 1434 1442 1494 buius
1457 1451 1540 1493 mum
1550 1453 1577 1493 ro

408 1555 562 1612 numquam
588 1538 730 1598 scutimus
759 1537 922 1598 euidentius
942 1555 1027 1613 quam
1041 1537 1071 1597 in
1086 1553 1173 1596 sensu
1187 1539 1307 1611 gustus:
1330 1537 1387 1598 nisi
1402 1536 1479 1596 euim
1493 1535 1542 1596 hic

410 1639 552 1699 admixtum
574 1640 614 1699 ait
640 1639 717 1698 inter
736 1638 866 1714 linguam
882 1640 1065 1714 etpalatum,
1091 1638 1202 1699 nullum
1217 1639 1273 1699 erit
1286 1639 1378 1712 palati
1391 1637 1540 1698 iudicium.

409 1745 439 1800 et
458 1744 554 1802 tamen
574 1743 645 1802 haec
667 1742 709 1802 sic
734 1741 825 1802 mixta
846 1745 916 1800 suut
929 1743 960 1801 iu
976 1741 1100 1813 homine,
1126 1744 1229 1800 utnon
1244 1741 1284 1800 sit
1299 1740 1418 1814 sanguis
1432 1740 1542 1813 absum

411 1843 516 1918 spiritu
536 1847 567 1902 et
586 1844 762 1917 phlegmate,
789 1845 818 1902 et
841 1843 951 1917 pariter
966 1845 1003 1903 ad
1017 1843 1150 1904 mendam
1165 1843 1256 1902 uitam
1271 1841 1422 1902 conterunt
1436 1841 1541 1901 omnia.

409 1943 539 2004 uidemus
564 1945 687 2018 quoduia
713 1944 820 2004 animal
845 1946 918 2004 mori
933 1944 1103 2020 simulatque
1118 1943 1236 2020 mogins
1251 1943 1404 2016 effluxerit,
1426 1945 1456 2004 et
1471 1960 1577 2004 con-us

409 2050 503 2106 sumto
519 2047 636 2106 humore
652 2063 736 2120 quom
751 2045 854 2106 medici
870 2047 1026 2106 radicalem
1037 2049 1140 2106 uocant
1151 2063 1207 2105 nou
1219 2046 1304 2105 aliter
1313 2047 1434 2106 moritur
1444 2045 1541 2118 homo,

409 2163 494 2222 quam
515 2148 709 2222 exstinguitur
729 2148 848 2207 lucerna
872 2151 1018 2208 consumto
1042 2147 1113 2208 oleo.
1136 2147 1186 2206 aed
1200 2147 1320 2207 nimium
1335 2147 1384 2205 diu
1399 2163 1541 2206 moramur

409 2249 439 2308 in
463 2249 700 2323 contemplatione
724 2251 855 2322 naturae,
881 2250 957 2324 quod
976 2253 1071 2309 mmeu
1092 2266 1149 2310 uon
1162 2248 1305 2308 inutiliter
1318 2248 1426 2308 factum
1441 2247 1541 2321 opinor

410 2351 534 2423 anobis,
562 2353 596 2410 ut
616 2350 771 2411 dilucidius
791 2351 844 2410 flat
869 2351 983 2411 caritati
1000 2353 1113 2410 uestrae
1127 2349 1303 2424 mysterium,
1331 2348 1458 2408 inanius
1473 2365 1541 2408 con-

409 2452 594 2527 templatione
620 2452 684 2510 ideo
710 2469 859 2512 uersamm
878 2453 1026 2512 lubentius
1048 2451 1117 2525 quia
1129 2450 1281 2510 salubrius.
1304 2468 1371 2510 uam
1392 2450 1472 2510 iuxta
1487 2466 1579 2508 na·eo

410 2555 491 2613 turae
518 2553 775 2614 considerationem
801 2555 871 2613 tunc
896 2552 954 2612 ista
975 2570 1106 2627 magnam
1126 2552 1186 2612 uim
1208 2553 1325 2624 habeut,
1352 2569 1415 2612 cum
1431 2551 1461 2610 in
1476 2552 1543 2611 uiuo

409 2669 525 2728 corpore
547 2672 601 2713 sua
622 2653 722 2713 munia
741 2657 903 2728 peragunt:
926 2672 961 2713 ac
980 2654 1060 2713 iuxta
1079 2655 1227 2728 mysticam
1249 2653 1458 2728 philosophiam
1474 2657 1544 2712 tunc

411 2756 522 2814 demum
539 2754 694 2830 plurimum
708 2755 807 2814 ualent
822 2771 888 2814 cum
903 2772 1006 2830 corpus
1021 2755 1195 2830 relinquunt.

381 2868 400 2925 6
453 2856 542 2915 Nemo
568 2856 690 2916 miratus
715 2861 761 2917 est
786 2857 937 2916 Dominum
963 2858 1087 2916 humano
1112 2874 1190 2916 more
1215 2857 1371 2932 spirantem
1392 2875 1426 2917 ac
1447 2856 1541 2931 respi-

410 2960 530 3028 rautem,
557 2958 609 3017 sed
623 2975 687 3018 oum
701 2957 732 3016 in
747 2975 830 3019 cruce
844 2959 968 3019 clamore
994 2959 1089 3019 ualido
1114 2959 1257 3019 emisisset
1283 2959 1426 3038 spiritum,
1456 2960 1540 3018 simul
1550 2978 1577 3018 ee

409 3059 587 3118 intellectum
614 3061 669 3131 est,
696 3060 779 3119 illum
806 3061 835 3119 et
861 3076 961 3120 uerum
986 3056 1075 3120 tuisse
1099 3060 1242 3119 homiuem
1262 3063 1292 3118 et
1311 3076 1410 3119 uarum
1432 3059 1539 3118 Deum:

409 3162 551 3222 hominem
565 3163 641 3237 quod
656 3163 737 3224 iuxta
751 3165 871 3223 naturae
886 3163 1014 3223 ordinem
1029 3166 1059 3223 et
1073 3163 1123 3222 ubi
1136 3162 1255 3222 nitelam
1270 3163 1371 3223 flatum
1386 3161 1539 3236 emisisset,

409 3263 495 3322 desiit
520 3263 632 3324 uiuere:
657 3264 758 3336 Deum,
785 3265 861 3338 quod
883 3265 970 3324 simul
990 3282 1053 3324 cum
1078 3264 1188 3338 ingenti
1204 3264 1325 3324 clamore
1341 3267 1469 3323 mortuus
1484 3267 1540 3337 est,

410 3363 558 3424 declarans
573 3383 604 3425 se
619 3366 762 3426 uolentem
778 3383 812 3426 ac
827 3368 1014 3440 spontaneum
1029 3367 1169 3440 deponere
1184 3366 1285 3438 tritam,
1310 3367 1387 3440 quod
1402 3367 1541 3426 humana-

409 3486 472 3527 rum
487 3467 591 3528 uirium
605 3483 688 3528 nemo
702 3469 796 3530 nescit
810 3486 867 3529 non
882 3485 954 3528 esse.
978 3471 1068 3529 sensit
1088 3470 1189 3528 efficax
1210 3470 1405 3528 testimonium
1420 3469 1540 3542 spiritus
1550 3489 1578 3530 ao

409 3567 519 3628 uicinus
545 3569 689 3629 centurio:
712 3569 754 3628 sic
782 3568 858 3628 enim
884 3573 984 3629 hamat
998 3570 1100 3629 beatus
1114 3571 1242 3630 blancus:
1265 3571 1397 3631 uidene
1420 3573 1542 3632 autam

410 3671 581 3731 centurio
603 3671 668 3745 qui
689 3686 729 3730 ex
762 3673 918 3731 aduerso
948 3673 1085 3744 stabat,
1119 3673 1204 3746 quia
1225 3673 1278 3731 sic
1300 3673 1541 3748 exspirasset,

408 3774 478 3833 ait:
507 3789 591 3833 nera
618 3773 680 3834 bic
708 3774 810 3835 bomo
838 3773 948 3833 filius
971 3773 1036 3833 Dei
1066 3777 1155 3834 erat.
1198 3773 1268 3848 quid
1293 3779 1384 3836 morte
1421 3774 1541 3834 abiecti·

409 3893 442 3936 us
472 3876 553 3936 iuxta
580 3879 717 3935 carnem?
754 3877 804 3935 aed
844 3875 918 3935 nihil
952 3878 1042 3936 morte
1081 3877 1227 3950 potentiue
1274 3876 1354 3937 iuxta
1396 3877 1540 3958 spiritum.

296 3995 298 4000 ·
408 3980 471 4038 erat
498 3980 528 4038 et
556 3977 629 4038 illud
660 3981 776 4053 praeter
812 3981 931 4040 naturae
960 3997 1074 4040 cursum
1109 3975 1185 4054 quod
1214 3995 1230 4039 e
1259 3979 1349 4040 latere
1386 3978 1541 4039 exanimati
1550 4003 1575 4044 aa

477 4231 510 4284 31
529 4231 611 4285 Marc.
630 4231 672 4296 15,
691 4230 734 4286 39.
