4016 5054
652 471 698 526 De
714 471 888 528 duodecim
906 471 1064 527 abuaiuie
1081 470 1219 527 saeeuli
1242 487 1264 526 a
1283 470 1360 526 1-2.
1513 473 1574 539 153

436 632 579 692 instruere
601 632 700 692 uolens
714 630 828 706 qudem
844 632 875 692 in
890 630 937 692 bis
953 630 1095 691 mutelam
1110 632 1251 694 habereut
1265 631 1444 692 ammonebat
1459 629 1574 690 deone:

428 732 471 794 'si
493 735 550 794 sal
572 734 783 806 euenuerit,
805 735 841 793 iu
862 750 931 808 quo
952 733 1142 794 salietur?
1172 736 1227 797 boe
1248 737 1308 809 est,
1329 735 1356 794 ai
1377 735 1474 796 doctor
1493 749 1573 793 erra·

438 838 532 912 uerit,
547 854 565 897 a
579 854 635 911 quo
651 838 755 898 iterum
770 837 886 899 dootore
907 836 1128 899 emendabitur?
1158 840 1194 899 et
1215 836 1248 898 si
1275 837 1396 897 lumen
1423 834 1518 909 quod
1539 835 1576 892 in

438 942 473 999 te
505 942 566 1000 est
587 938 763 1002 tenebrae
786 942 887 1012 sunt,
915 938 1024 1014 ipseo
1046 939 1223 1002 tenebrae
1257 942 1416 1014 quantae
1444 938 1575 998 erunt?

416 1041 464 1102 asi
478 1058 601 1116 namque
612 1042 712 1102 oaulus
725 1059 745 1102 e
759 1041 876 1102 uidendi
890 1041 985 1104 offleio
996 1042 1151 1115 desiuerit,
1165 1043 1232 1118 quis
1246 1061 1264 1102 a
1278 1060 1364 1102 manu
1379 1044 1430 1101 ant
1443 1041 1516 1115 pede
1526 1039 1576 1100 nei

439 1144 550 1218 reliquo
562 1161 679 1219 corpore
693 1143 767 1204 illud
777 1143 969 1205 ministerium
979 1143 1099 1221 exiget?
1115 1146 1291 1220 quapropter
1302 1144 1432 1204 doetores
1444 1142 1574 1218 cogitent

437 1264 474 1306 ne
488 1247 621 1321 ampliori
631 1247 775 1307 uindictae
789 1246 966 1321 aubiaoeant,
982 1247 1010 1308 ai
1020 1247 1208 1324 plurimorum
1219 1246 1388 1321 perditionis
1399 1245 1576 1306 oeoaeionem

439 1348 634 1408 abundantius
649 1350 807 1423 praestent.
822 1365 889 1408 nam
904 1351 935 1409 et
949 1350 1082 1410 Salomon
1096 1349 1164 1409 dum
1179 1347 1289 1409 multuo
1304 1347 1462 1422 sapientiae
1476 1351 1576 1406 mens-

439 1451 615 1526 ffresaionom
629 1450 767 1524 incurrit,
782 1451 872 1513 totius
887 1451 1065 1513 israeliticae
1080 1449 1173 1526 plebis
1188 1451 1270 1526 regui
1293 1449 1499 1525 dispersionem
1514 1448 1576 1510 solo

404 1569 491 1614 reauo
507 1552 610 1614 merito
623 1553 780 1627 preastitit.
802 1551 908 1628 quibus
928 1569 996 1627 ergo
1012 1549 1232 1613 committuntur
1252 1551 1359 1624 multe,
1382 1549 1489 1610 maiore
1510 1566 1576 1623 per-

440 1655 528 1726 dunt,
551 1655 649 1715 sinon
663 1657 741 1716 reete
756 1653 989 1729 dispenseuerint
1013 1652 1133 1715 rectoris
1159 1652 1206 1713 sui
1232 1669 1367 1724 munere,
1389 1668 1462 1726 quae
1477 1667 1576 1725 peree-

438 1759 554 1830 perunt.
577 1757 623 1816 eui
638 1757 712 1815 eninr
729 1757 796 1830 plus
810 1755 1016 1826 summittitur,
1038 1754 1106 1828 plus
1121 1754 1159 1815 ab
1181 1770 1215 1815 eo
1230 1755 1364 1828 exigitur.
1388 1754 1423 1813 et
1444 1769 1576 1813 seruus

439 1857 501 1933 qui
533 1857 672 1918 domini
708 1856 765 1918 sni
809 1857 1042 1917 uoluntatem
1087 1854 1321 1930 intellegens
1356 1871 1426 1914 non
1463 1853 1576 1926 feeit,

439 1958 656 2020 notioribus
678 1961 716 2019 et
737 1958 980 2033 grauioribus
994 1956 1134 2032 flagris
1155 1957 1350 2018 uindiotae
1372 1955 1577 2030 uapulabit

405 2148 432 2188 ra
771 2128 897 2188 snm
918 2127 1008 2188 SINE
1030 2127 1251 2188 RELIGIONE.

483 2247 630 2309 Secundus
644 2247 791 2310 abusionis
806 2249 915 2324 gredus
929 2250 990 2321 est,
1007 2247 1108 2307 sisino
1122 2247 1262 2323 religione
1274 2247 1607 2310 senexeaseinnenie-.2
1715 2227 1721 2246 ¹

440 2353 499 2422 tur,
520 2351 567 2411 oui
582 2367 646 2410 eum
661 2351 789 2411 membra
809 2349 958 2411 exterioris
978 2349 1105 2410 bominis
1126 2353 1325 2424 uetereseunt,
1347 2351 1424 2412 uires
1443 2349 1533 2409 enimi
1549 2348 1579 2407 id

441 2454 488 2511 eet
502 2451 647 2512 interioris
662 2451 786 2512 hominis
815 2453 943 2512 membra
974 2452 1151 2513 meromonte
1166 2453 1276 2514 roboris
1292 2470 1349 2513 non
1363 2452 1489 2528 eupiunt.
1513 2449 1579 2524 plue

440 2553 518 2614 enim
532 2552 664 2615 omnibus
677 2552 813 2627 religioni
827 2569 942 2628 opernm
968 2554 1036 2614 dare
1050 2553 1167 2614 senibus
1184 2553 1318 2615 eonuenit
1333 2571 1403 2630 quos
1418 2552 1579 2628 proesentis

406 2670 434 2713 ao
444 2655 553 2717 meeuli
566 2656 668 2715 florida
682 2659 763 2715 setes
777 2658 926 2716 mauseete
937 2656 1053 2716 deserit.
1069 2655 1146 2716 aient
1159 2671 1284 2729 namque
1299 2655 1329 2716 iu
1349 2655 1437 2730 lignis
1453 2655 1517 2729 ipsa
1531 2671 1578 2715 re-

442 2757 533 2832 proba
547 2759 632 2818 arbor
644 2760 780 2832 eonpuret
794 2773 868 2832 quea
882 2759 950 2831 poet
964 2757 1050 2818 dores
1064 2757 1176 2818 iruotm
1191 2759 1315 2833 optimos
1329 2756 1432 2819 oultori
1450 2775 1501 2818 suo
1522 2771 1580 2816 non

442 2860 575 2934 exhibet,
598 2861 640 2920 sie
662 2861 692 2920 et
705 2859 738 2919 in
750 2858 915 2920 hominibus
935 2859 998 2934 ipse
1019 2860 1158 2934 reprobus
1172 2863 1219 2920 eat
1240 2877 1325 2935 quem
1345 2859 1397 2920 flos
1418 2857 1579 2920 iuuentutis

442 2961 550 3023 deserit
569 2963 600 3021 et
619 2964 717 3021 tamen
737 2961 829 3021 insui
849 2960 977 3035 eorporis
999 2963 1147 3023 seueatute
1168 2961 1307 3022 bonorum
1322 2977 1438 3038 operum
1453 2963 1581 3020 maturos

442 3063 556 3124 innotus
571 3062 700 3138 proferre
714 3061 908 3138 paruipendit.
930 3061 1001 3137 quid
1015 3062 1091 3123 euim
1106 3057 1243 3124 stolidius
1258 3061 1322 3124 deri
1335 3063 1442 3139 potest,
1457 3061 1483 3122 ei
1498 3077 1579 3121 meus

509 3287 527 3341 2
543 3287 644 3342 uren
661 3286 688 3352 5,
705 3285 747 3342 18.
850 3285 989 3340 anates.
1007 3285 1033 3352 6,
1050 3283 1097 3344 23.
1202 3284 1238 3340 12
1254 3284 1318 3340 Luo.
1338 3285 1379 3349 12,
1397 3284 1441 3340 47.

512 3500 791 3556 instruerentur
808 3500 990 3570 dieeipuieso
1105 3498 1260 3554 admoueret
1281 3499 1308 3553 V
1419 3497 1438 3552 2
1455 3497 1491 3568 si]
1509 3497 1581 3567 quod

441 3585 531 3643 siXo
652 3587 715 3656 boe]
733 3585 763 3642 id
781 3586 812 3641 X
935 3585 1032 3655 aquo]
1052 3599 1105 3654 quo
1122 3585 1194 3638 enim
1218 3584 1245 3638 V
1365 3583 1546 3638 bdeaierite

441 3671 499 3741 aut]
516 3670 563 3727 uel
579 3671 616 3738 Χ,
635 3671 680 3726 uel
698 3687 750 3727 ao
836 3673 854 3726 6
872 3687 889 3727 a
905 3671 1009 3740 reliquo
1027 3688 1045 3726 o
1131 3668 1254 3725 doctores
1273 3685 1325 3726 ora.
1344 3668 1377 3724 X
1460 3668 1581 3739 ‘tpluri-

441 3757 530 3814 miso
644 3757 792 3827 perditioni
811 3757 843 3813 X
973 3755 1067 3825 Bipse
1086 3754 1243 3811 salomone
1363 3755 1457 3811 dsolo
1474 3770 1523 3811 suo
1545 3753 1580 3820 G,

442 3842 513 3897 solio
534 3842 568 3908 V,
584 3842 670 3898 solius
688 3843 730 3897 eui
748 3860 765 3901 o
870 3843 904 3898 10
920 3841 1027 3898 meriti·
1044 3840 1077 3896 X
1178 3843 1207 3896 et
1224 3843 1328 3898 maiore
1346 3841 1378 3897 X
1470 3843 1504 3897 11
1520 3857 1581 3912 por-

441 3927 567 3998 eiperunt
584 3926 619 3983 N
726 3928 761 3983 12
778 3927 823 3982 oui
833 3967 840 3982 .
851 3967 857 3981 .
868 3967 875 3980 .
886 3928 903 3983 t.
922 3931 955 3982 14
973 3924 1119 3996 uapulabit
1136 3939 1187 3981 ona
1205 3925 1238 3981 X
1349 3925 1433 3982 abeo
1451 3927 1547 3996 pluao

443 4012 479 4069 14
496 4013 643 4069 artioribus
664 4012 722 4070 GV
842 4013 994 4085 flegellieo
1114 4011 1259 4082 uapulauit
1281 4010 1306 4066 θ
1387 4025 1391 4031 ·
1426 4012 1459 4067 17
1476 4016 1582 4068 uetera·

442 4100 523 4153 eennt
544 4099 586 4154 Vo
700 4099 735 4154 19
752 4099 888 4168 oonuonitl
906 4097 1026 4167 oonpetit
1043 4096 1091 4153 Xe
1211 4097 1361 4168 praesentia
1382 4098 1449 4154 Oia
1467 4099 1500 4154 tn
1517 4113 1582 4164 ree,

442 4183 578 4253 praesenti
596 4182 639 4238 X¹
726 4183 763 4239 20
778 4182 899 4238 deseruit
918 4182 959 4239 Vo
1045 4181 1126 4253 aient]
1145 4181 1210 4236 lieet
1233 4181 1331 4245 GXV5
1349 4182 1383 4250 of.
1398 4199 1430 4252 p.
1450 4185 1509 4249 158,
1529 4187 1545 4238 1

443 4269 477 4324 21
495 4267 575 4326 arbor
592 4267 704 4341 reproba
720 4268 753 4324 X
835 4268 872 4324 22
888 4267 954 4339 ipae]
973 4267 1021 4323 ille
1043 4267 1071 4324 V
1152 4267 1188 4322 23
1205 4267 1325 4323 deseruit
1342 4284 1359 4324 a
1438 4267 1474 4323 24
1491 4271 1581 4338 potest

442 4351 503 4409 deri
525 4354 552 4408 V
652 4354 677 4412 ai
700 4353 776 4422 0¹1¹,
795 4355 819 4408 ai
835 4357 903 4409 tune
924 4353 997 4409 (ΡΧ
1383 4362 1384 4366 ’
