4012 5066
466 386 508 452 70
943 384 1128 454 Appendin

466 557 551 614 quern
571 540 645 601 nihil
665 541 825 616 habituris,
847 542 873 603 si
892 543 948 603 hoc
968 559 1079 618 quoque
1100 543 1197 616 adepti
1212 559 1248 603 ex
1262 541 1377 618 integro
1390 559 1447 603 non
1463 541 1597 617 luissent,

465 642 584 716 perinde
607 659 642 702 ac
667 643 694 703 ei
717 661 872 719 numquam
899 646 1040 719 beptinati
1067 645 1099 704 in
1124 645 1237 705 nomine
1264 645 1332 705 Iesu
1357 643 1466 705 christi
1494 644 1599 704 forent.

468 745 589 819 ideoque
603 745 741 806 nonnulle
756 762 841 820 super
855 746 911 806 hac
925 763 1001 805 noua
1016 747 1184 820 quaestione
1199 746 1307 820 scripta
1320 749 1372 806 eut
1382 745 1523 820 rescripta
1536 761 1600 806 esee

466 847 657 920 iectabentur,
679 847 783 920 quibus
803 850 925 921 utraque
940 864 1010 927 pars
1025 848 1063 907 ad
1079 849 1253 907 destruenda
1267 846 1361 907 aliena
1375 863 1484 908 summo
1499 845 1596 907 studio
1612 895 1614 900 .

466 949 621 1010 nitebatur.
648 949 681 1009 in
695 966 750 1024 quo
765 965 867 1024 genere
880 949 1068 1024 quaestionis,
1095 952 1129 1009 ut
1148 949 1220 1009 mihi
1242 949 1365 1023 uidetur,
1391 947 1472 1010 nnlln
1485 948 1620 1009 omninoe

464 1051 609 1127 potuisset
622 1052 817 1112 controuersia
831 1055 881 1111 ant
905 1051 1074 1125 disceptatio
1099 1067 1256 1126 emergere,
1280 1050 1305 1112 si
1328 1052 1523 1126 unusquisqne
1545 1069 1599 1112 nu·

466 1157 558 1212 etrum
574 1155 726 1214 contentus
740 1155 899 1214 uenerabili
913 1155 1098 1214 ecclesiarum
1120 1155 1246 1214 omnium
1267 1155 1437 1214 auctoritate
1458 1156 1489 1214 et
1502 1168 1600 1214 neces·

467 1256 544 1316 san'n
558 1254 723 1316 humilitate
737 1255 811 1316 nihil
827 1256 965 1317 innouarc
981 1255 1113 1330 gestiret,
1129 1274 1193 1317 cnm
1204 1255 1298 1316 locum
1310 1254 1528 1317 contradictioni
1542 1271 1599 1315 non

467 1356 625 1430 quemlibet
639 1357 888 1417 animaduerteret.
904 1375 1028 1430 namque
1044 1373 1126 1418 omne
1141 1358 1216 1431 quod
1233 1359 1263 1417 et
1274 1375 1378 1430 encepe
1393 1361 1422 1417 ot
1433 1357 1600 1432 ambignum

467 1459 497 1517 et
510 1457 541 1516 in
556 1456 681 1517 diuemie
701 1458 853 1518 sententiis
874 1459 1056 1531 prudentium
1074 1476 1108 1518 ec
1123 1457 1250 1518 fidelium
1271 1459 1396 1518 uirorum
1411 1459 1599 1519 constitutum
1610 1475 1637 1514 ro

467 1561 522 1632 est,
547 1560 573 1618 ei
593 1563 693 1619 contre
713 1559 835 1633 priscum
852 1563 880 1620 et
894 1560 1107 1620 memorabilem
1122 1563 1288 1620 cunctorum
1310 1561 1491 1620 emeritorum
1513 1576 1597 1620 senc·

468 1662 561 1720 terum
583 1664 614 1719 et
633 1660 760 1721 fidelium
787 1660 1024 1720 solemnissimum
1040 1660 1267 1720 obseruationem
1292 1661 1444 1731 iudicetur,
1470 1660 1600 1720 damnari

467 1761 566 1834 utique
586 1762 680 1834 debet,
702 1779 765 1822 cunr
780 1761 810 1820 in
835 1779 866 1822 re
881 1761 949 1822 olim
973 1763 1131 1835 composita
1146 1765 1177 1820 ct
1190 1762 1331 1832 ordinata,
1346 1761 1539 1836 quodcumque
1554 1764 1600 1821 est

466 1861 537 1920 illud
560 1863 635 1936 quod
656 1865 756 1922 contre
777 1861 962 1922 ecclesiarum
986 1863 1112 1937 quietem
1135 1865 1221 1936 atque
1236 1879 1334 1936 pecenr
1349 1861 1379 1920 in
1393 1863 1517 1921 medium
1530 1878 1598 1934 pru-

467 1961 588 2022 ducatur
616 1963 689 2022 nilril
718 1967 832 2036 prester
857 1963 1014 2023 discordias
1039 1965 1069 2022 et
1094 1963 1258 2022 simultates
1284 1965 1314 2022 et
1343 1955 1500 2021 schismata
1523 1961 1633 2026 alle-re

466 2065 578 2123 turum:
604 2065 653 2124 ubi
678 2065 777 2124 nullus
804 2065 879 2124 elius
902 2064 1014 2124 fructus
1039 2064 1199 2138 reperiatur
1222 2063 1279 2122 nisi
1300 2064 1347 2122 hic
1369 2063 1457 2134 solue,
1479 2066 1512 2121 ut
1525 2079 1599 2122 nnus

466 2165 560 2237 horno,
588 2165 759 2241 quicumque
785 2167 836 2226 ille
862 2169 916 2239 est,
942 2183 1063 2241 magnae
1089 2166 1258 2240 prudentiae
1279 2169 1309 2225 et
1334 2165 1510 2225 constantius
1535 2181 1599 2225 esse

468 2267 544 2339 apud
569 2268 707 2341 quosdam
736 2265 816 2327 leuce
845 2267 976 2329 homines
1005 2267 1086 2326 inani
1115 2265 1209 2341 gloria
1236 2267 1417 2340 praedicetur
1443 2270 1472 2326 et
1497 2267 1598 2326 baere-

466 2369 588 2426 ticorum
614 2371 730 2442 stupore
752 2369 912 2442 praeditus,
939 2369 1045 2444 quibus
1066 2369 1120 2428 boc
1146 2369 1261 2428 unicum
1276 2368 1447 2442 perditionis
1461 2368 1599 2427 solacium

468 2471 513 2529 eet
526 2470 553 2528 si
566 2486 624 2529 non
639 2469 694 2529 soli
715 2485 832 2544 peccare
852 2470 1015 2544 uideantur,
1038 2487 1149 2532 erronee
1164 2473 1195 2530 et
1208 2470 1282 2529 uitia
1295 2469 1493 2530 uniuersarurn
1507 2469 1598 2530 eccle·
1607 2493 1635 2535 ro

468 2570 576 2628 siarum
590 2570 745 2629 correxisse
761 2571 837 2644 apud
852 2569 1016 2631 simillimos
1030 2570 1077 2630 eui
1092 2574 1122 2630 et
1142 2587 1288 2645 compares
1305 2571 1474 2631 celebretur.
1497 2572 1599 2630 heere·

467 2671 589 2731 ticorom
603 2671 679 2731 enim
692 2671 818 2732 omniurn
832 2674 888 2732 boc
908 2672 1035 2732 studimn
1050 2674 1137 2747 utque
1151 2671 1329 2748 propositum
1343 2675 1389 2731 est
1402 2671 1598 2732 sanctissimae

467 2772 554 2831 metri
580 2775 696 2831 norbae
721 2772 859 2832 ecclesiae
884 2773 1057 2833 eiuscemodi
1078 2774 1109 2833 et
1129 2773 1270 2847 plurimas
1298 2776 1420 2845 quantas
1441 2772 1599 2832 calumnias

466 2876 580 2934 nectere
594 2875 625 2933 et
643 2873 789 2934 inuenisse
817 2873 926 2948 aliquid
950 2875 1026 2949 quod
1041 2873 1068 2934 ei
1089 2874 1202 2934 crimini
1222 2873 1269 2934 uel
1295 2873 1381 2933 etiam
1408 2873 1512 2933 leuiter
1536 2874 1600 2934 dari

466 2975 564 3048 posset
577 2991 717 3034 summanr
731 2974 851 3049 gloriam
868 2977 982 3035 ducere.
1005 2977 1082 3049 quod
1102 2992 1166 3034 cum
1181 2974 1293 3035 nullum
1307 2991 1393 3034 senae
1408 2975 1513 3034 mentia
1526 2973 1598 3035 ilde·
1608 2997 1634 3038 ee

466 3075 537 3135 lium
561 3077 660 3136 tenere
687 3077 735 3135 nel
761 3075 883 3137 maxime
907 3077 1020 3136 nullum
1045 3076 1163 3137 omnino
1179 3076 1210 3135 in
1230 3091 1406 3150 quocumque
1429 3077 1506 3138 clero
1530 3093 1599 3137 con·

466 3175 601 3236 stitutum
621 3194 655 3237 ac
674 3175 765 3238 multo
785 3177 878 3251 magis
900 3177 1099 3252 episcopcrum
1120 3178 1225 3237 audere
1241 3177 1351 3250 deceat,
1372 3177 1492 3237 monstri
1506 3177 1599 3239 simile

466 3281 512 3339 est
531 3279 610 3353 ipece
636 3279 786 3354 epiecopus
811 3279 884 3339 talia
908 3279 1045 3340 scandala
1066 3277 1195 3355 cogitare
1215 3281 1245 3338 et
1269 3277 1475 3353 turpitudinem
1496 3275 1600 3340 metria

468 3381 614 3457 ecclesiae,
629 3381 656 3440 ei
670 3397 755 3456 quam
770 3383 874 3456 putant
889 3381 918 3440 in
934 3381 989 3442 boc
1002 3381 1118 3455 negotio
1130 3397 1202 3452 cese,
1219 3389 1318 3441 contra
1331 3382 1514 3455 praeceptum
1523 3379 1599 3454 legis

466 3485 496 3542 et
516 3482 641 3542 omnium
662 3482 868 3556 scripturarum
890 3483 976 3542 ninris
997 3484 1196 3542 inreuerenter
1221 3499 1286 3542 cum
1306 3483 1370 3556 ipsa
1388 3482 1515 3557 ipsorum
1534 3485 1634 3550 tur-20

465 3582 595 3658 pitudine
610 3584 640 3643 et
660 3583 786 3658 periculo
801 3601 858 3644 non
878 3583 972 3642 uereri
993 3583 1138 3657 detegere,
1159 3599 1331 3658 quamquam
1350 3583 1431 3643 nulla
1445 3583 1485 3642 eit
1499 3584 1529 3642 in
1544 3583 1598 3644 hoo

465 3685 523 3745 nisi
544 3685 575 3744 in
596 3703 692 3747 errore
717 3685 844 3761 ipsorum
870 3686 986 3746 illorum
1006 3686 1156 3760 turpitudo
1178 3686 1323 3747 ecclesiae.
1350 3687 1446 3760 iteque
1471 3686 1598 3746 deterius

465 3787 643 3862 delinquitur
663 3790 701 3849 ab
721 3789 884 3849 bominibus
904 3788 1055 3860 eiusmodi,
1083 3788 1109 3847 si
1125 3790 1155 3848 id
1170 3789 1247 3862 qnod
1261 3788 1292 3847 in
1307 3789 1505 3848 obseruatione
1520 3786 1598 3846 auti·

464 3891 603 3966 quiseima
623 3890 690 3952 aliis
711 3894 857 3965 tamquam
877 3908 934 3951 non
955 3892 1033 3950 recte
1054 3889 1107 3949 flet
1129 3889 1355 3968 reprehenditur,
1376 3891 1406 3952 et
1428 3889 1465 3949 ab
1486 3887 1533 3948 his
1548 3888 1597 3962 qui

465 3995 532 4052 ante
552 4010 605 4053 nos
625 3993 752 4064 luerunt,
778 3994 841 4052 tum
861 3993 948 4052 ctiam
963 4009 982 4051 a
996 3991 1080 4051 nobie
1107 3993 1183 4052 recte
1209 3993 1392 4053 obseruatum
1418 4008 1481 4052 esse
1502 3992 1533 4050 et
1547 3992 1635 4058 ob-eu

534 4167 551 4222 9
565 4167 650 4234 preire
666 4168 696 4221 et
712 4181 763 4221 coc
776 4165 841 4235 Rip.
911 4165 946 4220 15
962 4168 1072 4234 praeter
1089 4180 1140 4220 ora
1152 4164 1238 4221 coci?
1305 4165 1340 4220 w
1356 4165 1427 4236 ipsa]
1441 4182 1490 4220 sua
1501 4166 1563 4238 Rip.

464 4253 500 4308 34
516 4252 580 4308 aliis
597 4251 666 4318 ced,
682 4252 718 4307 ab
735 4251 770 4306 iis
789 4251 936 4320 Betucius,
954 4250 989 4304 eb
1007 4250 1065 4304 illie
1082 4249 1149 4316 sort.
