4012 5066
779 370 825 426 Do
848 371 1112 442 Rebeptismate
1137 391 1160 428 o.
1177 375 1254 430 2-4.
1544 380 1588 446 73

443 529 589 604 bromme
599 529 691 590 solum
699 527 834 602 prodesse
849 527 898 590 eui
909 532 1002 602 possut
1013 529 1100 592 etiam
1111 530 1232 606 spiritus
1243 537 1361 593 senatus
1373 533 1483 594 inesse:
1498 551 1586 610 super

443 635 538 707 ipsum
553 631 630 692 enim
643 630 795 692 Dominum
813 647 878 690 oum
895 631 1090 705 baptizaretur
1110 633 1245 707 spiritum
1259 639 1389 696 sanetum
1404 637 1588 698 descendisse

443 716 607 808 tantumque
630 733 691 794 eius
714 733 800 806 atque
823 732 932 794 dietum
954 733 1065 808 pariter
1086 751 1242 810 congruere
1262 754 1315 798 neo
1328 738 1387 798 alia
1403 737 1463 798 nlla
1477 739 1589 800 rationo

442 836 611 911 mysterium
632 835 710 895 istud
731 850 815 908 posse
833 835 1002 898 eomiseero.
1029 836 1076 897 oui
1103 854 1237 912 responso
1262 857 1344 901 nemo
1366 845 1495 901 nostrum
1517 843 1587 902 adeo

420 938 486 998 rita
500 937 618 999 msanue
638 937 780 1012 reperitur
804 938 855 996 ant
878 941 1030 998 oontumex
1051 941 1085 998 ut
1105 940 1210 1000 audeet
1230 944 1329 1002 eontra
1350 941 1395 1020 ies
1416 944 1468 1003 aut
1488 945 1588 1003 eontra

392 1026 399 1072 .·
441 1057 542 1100 uerum
567 1039 777 1110 eontradioera,
808 1038 919 1100 soilieet
943 1039 1029 1100 rebus
1050 1040 1174 1116 integris
1195 1046 1224 1102 ot
1246 1043 1323 1102 omni
1338 1043 1421 1104 modo
1436 1043 1479 1103 ita
1493 1043 1524 1102 in
1539 1059 1586 1104 ee·

442 1140 532 1202 oleeia
560 1139 698 1216 gerundis
718 1141 749 1200 et
773 1141 929 1200 seeundum
956 1141 1129 1217 diooiplinoe
1157 1143 1286 1204 ordinem
1311 1147 1479 1220 perpetuos
1501 1145 1585 1206 nobis

442 1242 646 1304 obseruandis.
669 1243 720 1302 sed
739 1242 765 1302 si
780 1242 810 1301 in
832 1244 931 1304 eodem
954 1261 1028 1304 nono
1045 1247 1219 1307 testamento
1241 1247 1313 1306 baeu
1327 1263 1400 1320 quae
1417 1247 1447 1306 in
1461 1247 1519 1307 isto
1534 1263 1585 1308 ne-

442 1345 522 1422 gotio
537 1345 776 1420 deprehendimus
791 1346 921 1406 adunate
941 1363 1154 1422 nonnumquam
1171 1349 1351 1424 reperiantur
1366 1351 1487 1423 quodam
1501 1351 1584 1410 modo

411 1448 542 1512 rodiuiss
563 1465 598 1508 ao
621 1450 755 1520 seperate
773 1449 803 1508 et
822 1448 941 1522 proinde
963 1449 1105 1524 disposite
1126 1448 1214 1524 atque
1230 1453 1256 1511 si
1277 1453 1336 1512 sint
1350 1452 1476 1526 singule,
1502 1452 1585 1512 uide·

442 1565 525 1609 amus
540 1552 638 1609 utrum
651 1549 764 1623 possint
778 1565 842 1609 esse
860 1547 1017 1624 aliquando
1032 1550 1124 1610 etiarn
1139 1552 1325 1626 singulariter
1340 1553 1483 1626 solitaria,
1503 1553 1586 1628 quasi

444 1668 502 1711 uon
523 1650 583 1710 siut
605 1650 708 1710 mutila
729 1651 780 1710 sed
801 1653 948 1724 monam
970 1651 1085 1726 integra
1106 1655 1192 1728 atque
1213 1654 1350 1727 perfeeto.
1374 1671 1520 1715 namnum
1534 1671 1586 1730 per

442 1770 545 1814 munus
565 1751 776 1826 impositionem
798 1752 927 1826 epieoopi
948 1754 1035 1814 datur
1050 1754 1203 1829 uniruique
1225 1757 1353 1817 eredenti
1368 1757 1488 1831 spiritus
1504 1773 1586 1818 sano·

444 1859 503 1929 tus,
530 1855 606 1914 mont
627 1854 750 1929 apostoli
772 1853 847 1914 eirea
867 1854 1066 1915 Samaritanos
1089 1859 1155 1928 post
1171 1855 1300 1932 Philippi
1315 1857 1457 1931 baptisma
1471 1874 1588 1918 manum
1649 1869 1652 1875 '

408 1980 434 2020 re
444 1957 487 2017 eis
502 1956 671 2030 imponendo
687 1955 829 2026 fecerunt,
845 1958 875 2016 et
885 1955 941 2016 hac
953 1955 1065 2017 ratione
1081 1957 1216 2030 spiritum
1230 1961 1360 2018 sanetum
1374 1958 1406 2018 in
1421 1975 1469 2018 eos
1484 1963 1586 2019 eontu-

441 2059 549 2132 lerunt,
579 2061 656 2134 quod
675 2062 709 2119 ut
730 2059 793 2120 fleri
818 2061 918 2132 posset
940 2058 995 2133 ipsi
1021 2075 1073 2132 pro
1100 2060 1144 2119 eie
1172 2063 1335 2132 omiserunt,
1359 2061 1484 2121 nondum
1511 2062 1587 2122 enim

442 2179 530 2238 super
544 2179 715 2237 quemquam
730 2178 827 2222 eorum
844 2161 1035 2221 descenderat
1049 2161 1179 2235 spiritus,
1207 2165 1320 2222 tantum
1334 2165 1431 2222 antem
1446 2162 1586 2238 baptizati

441 2269 525 2327 eraut
546 2263 710 2325 innomine
731 2261 849 2323 Domini
869 2263 954 2322 Iesu:
987 2262 1126 2323 Dominus
1148 2281 1261 2337 quoque
1282 2267 1381 2324 noster
1401 2268 1467 2339 post
1488 2281 1586 2325 resur·

442 2367 607 2438 restionem,
621 2383 686 2426 eum
701 2364 883 2425 insufflasset
897 2368 928 2424 et
943 2365 1065 2426 dixisset
1082 2365 1222 2438 apostolis
1242 2367 1303 2426 suis
1325 2366 1490 2441 eooipite
1510 2368 1585 2442 spi·

405 2470 553 2530 eoritum
575 2471 753 2540 sanatum,
778 2467 822 2525 ita
837 2464 951 2526 dembm
968 2467 1097 2541 largitus
1113 2467 1156 2526 eis
1171 2467 1304 2540 spiritum
1319 2471 1459 2527 sanetum.

487 2572 558 2632 Gom
572 2570 615 2631 ita
629 2569 788 2643 inuenitur,
810 2567 880 2644 quid
897 2568 967 2642 tibi,
989 2569 1095 2642 frater,
1120 2569 1253 2628 uidetur?
1276 2569 1383 2642 siquis
1398 2585 1455 2628 uon
1470 2568 1508 2627 ab
1521 2564 1615 2642 epi-4

442 2688 527 2746 scopo
543 2671 715 2746 baptizatus,
739 2671 781 2731 ita
802 2674 835 2731 ut
858 2671 883 2731 si
908 2670 939 2730 in
960 2670 1120 2731 continenti
1141 2670 1228 2730 otiam
1243 2687 1345 2729 manne
1370 2669 1397 2728 oi
1413 2670 1585 2744 imponetur,

441 2774 609 2849 priusquam
632 2777 728 2833 temen
748 2773 873 2848 eooipiat
898 2772 1033 2847 spiritum
1055 2771 1292 2842 senetumiuerit
1305 2770 1467 2843 defunctus,
1488 2774 1586 2831 utrum

441 2891 559 2938 oensees
579 2875 704 2936 salutern
726 2875 894 2950 percepisse
912 2890 977 2934 anm
999 2888 1103 2933 neone:
1120 2873 1254 2947 quoniam
1268 2871 1383 2948 quidem
1397 2874 1427 2931 et
1442 2871 1500 2946 ipsi
1514 2889 1584 2947 apo-

406 2976 513 3040 aestoli
527 2981 558 3040 et
572 2977 716 3051 distipuli,
739 2976 789 3051 qui
810 2977 897 3036 etium
920 2974 995 3036 aiios
1019 2974 1215 3048 baptizabant,
1238 2973 1297 3050 [qui
1319 2973 1416 3050 etiem]
1431 2991 1450 3032 a
1463 2973 1585 3036 Domino

439 3079 581 3154 baptisati
603 3097 660 3140 non
681 3078 780 3139 statim
801 3076 936 3152 spiritam
962 3077 1096 3136 sanetum
1112 3075 1283 3150 oooeperint,
1306 3074 1355 3149 qui
1371 3076 1498 3135 nondum
1513 3077 1585 3150 erat,
1681 3103 1684 3108 ·

440 3181 511 3255 qnia
530 3182 613 3242 Iesus
632 3181 758 3242 nondum
778 3179 875 3239 iuerat
898 3177 1086 3250 deridoetns,
1113 3179 1165 3237 sod
1185 3178 1251 3252 poet
1270 3176 1509 3238 resurrectionem
1523 3177 1586 3236 eius

439 3299 492 3344 neo
515 3283 657 3344 modinum
677 3280 862 3342 mternelium
895 3280 1034 3354 temporie
1055 3295 1110 3353 quo
1131 3279 1162 3339 id
1183 3280 1297 3354 gestum
1317 3281 1364 3338 est
1390 3278 1586 3340 intercesserit

438 3385 526 3446 siouti
539 3388 570 3444 et
583 3402 648 3446 oum
670 3385 810 3460 baptizoti
831 3386 900 3443 sunt
918 3399 936 3442 a
952 3381 1088 3455 Philippo
1111 3381 1296 3454 Samamtani,
1317 3382 1407 3442 donea
1427 3381 1585 3442 &muriam

401 3486 532 3560 rorogati
552 3486 590 3546 ab
610 3485 791 3547 Hierusalem
814 3485 939 3558 apostoli
963 3483 1173 3543 descenderent
1197 3483 1235 3541 ad
1249 3481 1326 3554 iilos,
1351 3485 1383 3541 ut
1405 3482 1448 3543 eis
1469 3500 1585 3544 menum

438 3587 618 3662 imponerent
631 3591 662 3649 et
675 3587 808 3662 spiritum
828 3587 959 3646 senatum
982 3601 1037 3659 per
1060 3601 1163 3645 manus
1177 3583 1388 3659 impositionem
1401 3583 1432 3644 iu
1448 3601 1497 3646 eos
1512 3601 1581 3646 oon·

514 3751 725 3818 mmm&

509 3911 525 3966 7
544 3909 666 3980 gerenffis
686 3908 751 3980 Rip.
843 3909 860 3963 9
877 3924 931 3963 non
949 3922 1000 3962 eoo.
1019 3906 1082 3977 Rip.
1175 3905 1209 3960 14
1225 3904 1264 3960 sio
1281 3907 1309 3960 et
1325 3905 1392 3971 sort.
1488 3906 1521 3960 17
1539 3904 1586 3960 de·

440 3994 583 4051 seenderat
600 3995 748 4067 Ripuits'ue,
765 3994 904 4050 desiderat
922 3993 1060 4049 Beterrae
1186 3990 1219 4045 19
1237 3990 1365 4059 spiritum
1382 3993 1507 4046 meeum
1525 4007 1586 4046 oum

440 4083 479 4138 na
495 4081 633 4136 inuenitur
650 4094 710 4136 noo
726 4079 874 4150 distinpoit
892 4078 1035 4134 Boionius
1128 4075 1164 4130 23
1182 4075 1312 4144 soniperet
1329 4075 1390 4146 Rip.
1483 4074 1519 4130 25
1537 4075 1586 4145 qni

440 4166 525 4223 etiem
542 4167 647 4223 tediosi
759 4165 794 4220 26
811 4164 868 4220 sint
885 4162 1021 4233 baptisati
1039 4161 1179 4217 Bodatius
1292 4161 1362 4230 erat]
1379 4161 1416 4227 of.
1434 4177 1496 4231 σαι).
1515 4165 1551 4218 14

439 4253 479 4308 29
496 4254 561 4306 sunt
578 4268 628 4306 ora.
648 4252 711 4322 nep.
