4012 5056
431 402 477 468 38
907 400 1092 470 Appendix.

431 557 550 633 pietatis
574 556 713 619 abductus
733 575 752 619 a
769 559 916 633 proposito
943 576 994 620 suo
1020 542 1139 620 deficit'
1160 559 1302 620 noscendo
1326 573 1374 619 res
1393 560 1447 632 est,
1475 559 1571 619 uirtus

430 659 547 734 penitus
572 661 726 720 scrutando
750 660 919 722 uisceribus.
953 678 1007 722 nec
1027 660 1104 722 enim
1127 661 1202 722 leuis
1222 664 1268 722 est
1292 659 1351 720 iste
1374 677 1568 735 quaecumque

430 760 583 834 confessio,
597 765 812 838 propterquam
826 764 910 822 homo
925 763 1047 838 patitur,
1062 765 1092 824 et
1105 763 1178 822 muri
1192 779 1286 837 posse.

380 865 421 924 16
473 862 598 938 Etenim,
614 863 755 926 carissimi
768 863 885 937 naue,
900 863 995 926 uirtus
1006 867 1051 926 est
1064 867 1148 926 tauta
1157 865 1298 941 martyrii,
1313 868 1347 925 ut
1361 882 1413 941 per
1423 864 1497 926 illud
1507 879 1570 926 ore·

431 968 498 1027 dere
512 966 600 1026 etium
613 965 664 1026 ille
678 969 798 1040 cogetur
812 967 862 1042 qui
877 970 908 1026 te
923 967 1162 1028 uoluitoouidere.
1178 967 1318 1041 scriptum
1329 969 1415 1028 estet
1429 965 1593 1041 legimusze

430 1065 469 1126 in
490 1065 615 1128 dolore
635 1067 778 1128 sustine
799 1069 890 1129 etin
910 1069 1125 1129 humilitate
1144 1073 1208 1130 tua
1227 1069 1319 1130 hehe
1339 1067 1571 1143 patientiam,

431 1170 601 1244 quoniam
623 1171 828 1246 perignem
849 1173 1032 1246 probetur
1053 1189 1177 1232 eurum
1198 1174 1238 1233 et
1263 1175 1465 1246 argentum.
1498 1187 1571 1244 qno-

431 1270 509 1331 niam
529 1288 597 1348 ergo
615 1288 668 1332 nos
687 1273 811 1334 terrama
830 1272 1070 1348 temptationibus
1085 1273 1188 1346 probet
1203 1272 1341 1334 Dominus
1356 1273 1447 1334 ethis
1462 1275 1571 1335 saecoli

431 1373 517 1434 melis
541 1376 687 1436 emuntur
712 1374 848 1436 Christus
868 1377 899 1434 et
918 1375 1066 1450 expendit,
1092 1375 1297 1448 gratulandum
1318 1375 1401 1436 nobis
1416 1379 1462 1435 est
1476 1377 1570 1451 adque

430 1473 597 1536 laciendum
617 1476 693 1551 quod
713 1493 772 1536 nun
793 1476 855 1537 illis
869 1477 1042 1551 perennibus
1056 1478 1185 1538 reseruet
1199 1475 1305 1546 exitiis,
1327 1477 1379 1535 sed
1394 1476 1520 1550 gaudeat
1531 1479 1570 1538 ab
1580 1498 1608 1539 no

432 1575 509 1634 omni
524 1577 691 1650 contagione
706 1579 854 1651 purgatos.
877 1579 1004 1637 ceterum
1018 1578 1055 1638 eb
1070 1577 1117 1637 hie
1137 1593 1209 1650 qnos
1231 1576 1402 1638 herodii-atla
1416 1578 1570 1653 perrupere

433 1676 568 1738 adsciscit
589 1680 620 1738 et
640 1676 671 1737 in
692 1694 783 1753 regna
802 1677 945 1739 caelorum
966 1678 1091 1738 libenter
1110 1679 1253 1752 adsumit,
1276 1679 1344 1754 quid
1366 1679 1466 1754 utique
1490 1679 1571 1740 aliud

431 1795 518 1852 quem
543 1778 721 1854 integritatis
747 1779 886 1840 ambitum
912 1780 1047 1854 quaeritr
1085 1781 1147 1855 ipse
1172 1781 1256 1841 linxit
1281 1781 1415 1842 uniuersa
1439 1783 1470 1842 et
1496 1797 1570 1856 quae

431 1879 592 1941 iacentibus
612 1897 644 1942 ee
665 1880 809 1956 explicant
829 1883 938 1956 eampis
959 1884 989 1943 et
1010 1897 1082 1957 quae
1097 1883 1129 1942 in
1150 1883 1282 1959 obliquos
1296 1901 1327 1944 se
1340 1882 1457 1959 erigunt
1471 1883 1569 1962 colles,

432 1983 464 2042 et
477 1983 553 2056 qnod
568 1983 639 2043 caeli
653 1983 819 2058 magnitudo
835 1983 1023 2044 circumuenit
1037 1984 1068 2043 et
1082 1983 1185 2059 pelago
1199 1983 1411 2046 droumfluente
1425 1984 1569 2045 lubricum
1579 2005 1608 2046 rs

433 2100 539 2158 aequm
558 2085 688 2146 includit.
711 2085 787 2160 qnod
807 2085 833 2146 si
853 2085 899 2146 illi
918 2086 1051 2146 adiacent
1071 2087 1166 2146 omuie
1177 2103 1230 2147 neo
1244 2103 1262 2145 a
1276 2087 1358 2146 nubis
1373 2087 1501 2160 exposcit
1513 2086 1572 2146 nisi

433 2185 511 2246 lacu
525 2185 646 2258 sincere,
661 2201 739 2264 aure,
754 2188 788 2246 ut
798 2169 865 2260 'ipse
880 2186 965 2258 dixit,
981 2186 1090 2248 similes
1104 2203 1166 2247 esee
1181 2187 1326 2247 debemus.
1349 2203 1450 2246 eurum
1464 2187 1571 2261 quippe

434 2303 499 2348 cum
512 2287 710 2348 relucentibus
724 2288 811 2349 terrie
825 2288 949 2350 memulo
963 2287 1071 2348 uideris
1086 2287 1237 2362 splendore
1247 2290 1301 2348 sub
1315 2288 1423 2348 lumine
1434 2305 1482 2348 ros
1496 2287 1571 2348 etin

433 2388 577 2461 liquidum
587 2389 709 2450 demnis
720 2389 897 2450 torrentibus
907 2388 1023 2461 resolui,
1032 2391 1204 2464 sed(nemet
1215 2389 1333 2450 artificis
1344 2387 1441 2464 gretie
1454 2389 1514 2450 lere
1529 2387 1572 2450 sic

533 2647 551 2702 6
569 2645 620 2701 sn,
638 2647 664 2712 2,
682 2647 707 2701 4.
719 2647 745 2702 5.

501 2885 517 2938 1
535 2882 668 2938 munem
686 2881 742 2938 ΒΡ
861 2883 975 2952 prepete
992 2881 1021 2937 L
1137 2885 1165 2937 et
1182 2883 1270 2937 uirtus
1287 2899 1313 2946 e,
1330 2881 1435 2937 uiribus
1452 2881 1539 2938 LNP

427 2969 492 3024 tae
512 2968 591 3024 horno
609 2967 695 3023 LNP
813 2967 900 3036 poenit
918 2967 942 3039 Q
1054 2967 1074 3022 4
1092 2967 1171 3021 illum
1191 2967 1249 3038 QT,
1266 2965 1378 3022 illumc
1492 2965 1572 3020 crede

428 3053 468 3109 Μ
486 3053 603 3124 (credere
621 3053 655 3125 Q)
758 3052 776 3108 6
793 3053 821 3107 et
838 3052 877 3122 in]
896 3054 924 3108 et
943 3052 967 3124 Q
1077 3052 1237 3122 patientiam
1255 3049 1325 3107 habe
1343 3050 1396 3123 ΟΡ
1498 3049 1514 3104 'l
1533 3049 1571 3120 et]

429 3137 476 3193 eed
496 3138 547 3209 01¹
648 3137 796 3192 smnus
814 3137 840 3191 Τ
941 3136 959 3192 9
977 3139 1113 3191 temtator
1129 3135 1174 3192 Lo
1276 3135 1372 3191 christi
1390 3134 1442 3206 ΘΤ
1543 3135 1572 3188 et

428 3223 537 3290 addidi,
554 3238 606 3279 oua
625 3221 779 3296 LNPQTe
882 3221 990 3294 expedit
1005 3221 1095 3295 ΝρΤ,
1113 3237 1175 3292 cup.
1193 3219 1227 3278 N
1239 3237 1276 3277 ur.
1293 3222 1322 3287 2,
1339 3235 1390 3277 our.
1408 3220 1436 3275 Ρ
1529 3221 1572 3275 eet

427 3324 480 3366 our.
503 3309 535 3382 Q,
552 3313 581 3365 et
599 3310 625 3364 1·
710 3309 745 3364 10
761 3307 828 3378 illie]
846 3307 903 3362 illie
921 3322 1004 3362 noso
1089 3309 1210 3362 reseruat
1227 3306 1263 3372 L,
1280 3309 1398 3362 reuerent
1415 3303 1538 3376 N¹PQT

428 3394 531 3465 gaudet
548 3393 622 3465 120²,
638 3391 736 3464 gaudit
752 3391 855 3464 MQ¹T
957 3393 991 3447 11
1007 3392 1146 3462 purgatos]
1159 3392 1270 3461 iugatae
1283 3390 1335 3461 QT
1435 3388 1575 3445 adhaere·

429 3478 546 3536 ditatem
564 3495 599 3535 ec
615 3479 650 3534 ab
667 3476 833 3534 haereditate
849 3477 884 3534 N
951 3477 986 3532 12
1003 3476 1128 3532 edicieeit
1146 3477 1170 3548 Q
1240 3475 1274 3531 13
1291 3474 1437 3545 integritas
1454 3472 1539 3545 NPQ

429 3566 524 3634 quaeri
543 3563 600 3636 QT,
619 3563 744 3632 quaerit?
761 3578 846 3619 enac
968 3561 1048 3616 linxit
1065 3561 1172 3630 seipsi,
1191 3560 1280 3629 pinxit
1297 3575 1333 3613 eor
1349 3559 1419 3612 dixit
1435 3557 1474 3625 N,
1491 3557 1572 3614 bene·

431 3647 501 3705 dixit
517 3648 553 3714 L,
571 3647 642 3703 dixit
660 3647 754 3720 Pero
858 3646 892 3702 14
909 3663 937 3702 se
954 3662 1004 3702 om.
1025 3643 1076 3718 QT
1178 3646 1206 3698 et
1223 3659 1275 3699 em.
1293 3641 1381 3698 LNP
1489 3641 1573 3698 oblis-

429 3775 497 3831 qnoe
516 3758 549 3831 0,
568 3725 675 3830 obliqirs
692 3773 758 3827 quoe
775 3758 811 3824 L,
828 3756 1008 3827 nobilisquoe
1026 3756 1054 3813 Τ
1144 3771 1172 3810 ee
1190 3769 1241 3810 orn
1259 3753 1315 3809 ΒΡ
1417 3754 1452 3809 15
1469 3753 1506 3824 et]
1525 3752 1573 3807 eed

429 3847 492 3902 etc
620 3844 701 3914 qnod]
720 3857 787 3914 quoa
806 3842 945 3914 nmen
1072 3857 1101 3895 se
1118 3841 1186 3894 caeli
1203 3838 1334 3910 N¹PQT,
1352 3838 1436 3894 seculi
1450 3837 1517 3894 ΒΜ
1523 3837 1573 3893 secl

429 3929 468 3986 dr
482 3930 515 3983 ier
532 3945 590 3984 rue.
694 3929 731 3997 et]
749 3929 779 3982 et
796 3927 901 3998 quode
1005 3925 1189 3980 circumflente
1208 3923 1260 3996 QT
1364 3923 1460 3978 librioo
1479 3921 1505 3976 P

429 4014 463 4077 17
481 4014 572 4070 simile
589 4014 616 4069 1·
728 4014 762 4069 18
778 4014 892 4069 memolo
909 4013 938 4069 L
1060 4009 1195 4082 splendori
1213 4008 1245 4081 Q,
1264 4008 1414 4080 splendoris
1433 4009 1464 4075 T,
1483 4009 1573 4079 splen-

431 4099 527 4158 derec
629 4100 723 4155 limine
739 4099 866 4172 Necte
969 4114 1013 4154 ros
1024 4113 1104 4154 erac
1210 4095 1243 4151 19
1254 4095 1410 4150 recoluisset
1422 4095 1573 4166 ΙιΝΡρΤς

431 4187 532 4255 repetit
560 4185 692 4242 emtione
720 4184 756 4257 Qu
783 4200 880 4240 aurum
907 4185 1006 4254 quippe
1023 4199 1045 4238 c.
1064 4199 1086 4239 r.
1105 4183 1129 4240 t.
1146 4184 1168 4236 t.
1186 4198 1214 4239 u.
1232 4180 1381 4252 splendoris
1403 4179 1573 4236 sublimine

432 4286 476 4327 roa
494 4287 518 4331 e.
537 4271 555 4324 i.'
573 4271 593 4326 l.
612 4270 632 4325 l.
649 4273 672 4328 t.
690 4270 844 4326 recoluisset
904 4269 951 4324 aed
968 4285 1055 4326 crac
1124 4267 1260 4323 rrtillorm
1277 4265 1306 4322 P
1374 4265 1438 4336 iere]
1456 4265 1527 4321 ferre
1546 4264 1571 4336 Q
