4000 5066
752 385 798 439 De
816 383 946 440 Pascha
962 387 1140 455 computus
1159 399 1180 440 c.
1200 384 1225 438 1.
1492 383 1557 449 249

423 545 491 605 dere
516 561 670 620 numquam
697 561 780 618 posse
795 543 977 606 Christianos
1004 563 1022 604 a
1037 545 1085 604 uis
1107 543 1240 605 ueritatis
1254 559 1351 604 errare
1365 547 1396 604 et
1411 544 1558 617 tamquam

424 645 590 720 ignorantes
616 663 688 720 quae
715 646 755 705 eit
780 646 843 706 dies
876 646 1006 706 Paschae
1031 651 1098 721 poet
1124 647 1246 707 ludaeos
1267 662 1366 706 ceeoos
1389 649 1419 704 et
1440 643 1560 705 hebetas

426 747 583 820 ambulare,
609 765 728 824 cumque
743 765 762 808 a
775 747 835 808 Deo
850 765 903 808 nos
922 748 1072 808 euidenter
1090 749 1271 822 incipiamus,
1299 763 1355 808 non
1370 749 1483 807 tentum
1498 746 1559 820 pri-

427 866 505 910 mum
520 849 606 923 diem
621 867 677 925 qno
692 850 723 909 in
738 851 874 926 Aegypto
888 867 983 924 agnm
997 850 1108 912 occisus
1122 853 1168 910 eet
1185 851 1344 924 ostendere,
1365 849 1416 910 sed
1430 851 1460 910 et
1474 865 1561 924 prae·

403 955 505 1012 eterea
534 952 625 1012 futuri
654 952 792 1029 temporie
822 953 886 1013 dies
914 953 1045 1014 Paschae
1075 953 1245 1014 Indaeorum
1273 955 1304 1013 et
1331 953 1560 1014 christianorum

425 1054 628 1115 demonstrare.
651 1053 823 1130 incipiamus
846 1055 962 1130 itaque,
988 1053 1170 1116 dilectissimi
1185 1054 1302 1128 fratres,
1317 1057 1354 1115 ab
1368 1055 1461 1116 uxori
1476 1055 1560 1115 lecti·

426 1174 495 1216 one:
517 1157 549 1217 in
574 1174 631 1232 qua
655 1156 780 1218 lectione
804 1158 1034 1232 recognoscimus
1060 1158 1154 1231 ipsum
1181 1157 1273 1218 Deum
1299 1161 1329 1218 et
1350 1159 1502 1218 Dominum
1525 1156 1563 1216 ad

426 1260 545 1335 Moysen
570 1261 717 1320 etheron
744 1261 865 1320 fratrem
892 1260 954 1320 eius
974 1260 1004 1318 in
1031 1261 1110 1320 terra
1123 1259 1249 1336 Aegypti
1277 1259 1400 1320 dixisse:
1424 1259 1562 1320 mensis

427 1363 486 1422 hic
518 1361 666 1422 initium
699 1362 879 1423 mensium
911 1363 1051 1437 primns
1083 1362 1159 1423 erit
1191 1363 1297 1423 uobis
1319 1363 1354 1422 in
1377 1362 1562 1423 mensibus

392 1465 522 1528 ioanni.
556 1464 704 1525 ferend
737 1482 873 1525 omnem
906 1481 1131 1541 synagogam
1163 1465 1332 1524 filiorum
1360 1465 1488 1525 lsrael
1512 1467 1563 1525 di·

426 1583 526 1628 cens:
556 1567 696 1627 decimo
727 1567 786 1627 die
808 1567 946 1627 mensis
976 1567 1087 1627 huius
1108 1565 1300 1642 accipiant
1322 1567 1395 1626 sihi
1420 1567 1563 1642 singuli

426 1684 492 1743 per
524 1670 644 1728 domos
677 1668 841 1727 tribuum
873 1685 977 1730 ouem
1008 1685 1072 1743 per
1104 1671 1261 1728 domum:
1301 1670 1337 1726 et
1370 1668 1403 1728 ei
1436 1669 1564 1744 exigui

427 1773 535 1831 erunt
556 1770 593 1828 in
614 1771 714 1831 domo
737 1775 866 1830 utnon
889 1770 969 1831 siut
991 1771 1237 1832 sufficientes
1259 1772 1302 1831 ad
1324 1787 1434 1844 ouem,
1458 1772 1565 1832 adeu-

427 1875 498 1932 met
535 1887 653 1932 secum
690 1872 854 1932 uicinum
890 1872 1091 1946 proximum
1129 1889 1246 1932 suum:
1285 1889 1347 1947 per
1380 1890 1566 1934 numerum

395 1973 632 2037 reanimarem
663 1973 809 2048 singuli
842 1976 938 2048 quod
972 1973 1147 2034 sufficiet
1179 1974 1253 2034 sihi
1296 1975 1568 2049 computabunt

430 2077 466 2135 in
505 2093 613 2136 ouem.
660 2075 938 2136 immaculatum
975 2075 1184 2150 perfectum
1226 2076 1429 2138 masculum
1462 2079 1566 2138 enni·

430 2179 548 2238 culum
569 2178 646 2237 erit
667 2177 783 2238 nobis.
806 2179 851 2236 ab
873 2177 983 2251 agnis
1005 2182 1042 2238 et
1063 2181 1107 2238 ab
1129 2179 1259 2239 haedis
1287 2178 1501 2252 accipietis.
1533 2182 1569 2239 et

432 2280 505 2340 erit
537 2279 645 2340 uobis
681 2281 924 2341 obseruatum
960 2297 1077 2356 usqne
1110 2282 1153 2340 ad
1189 2283 1354 2357 quartum
1393 2281 1569 2342 decimum

433 2381 527 2441 diem
548 2381 689 2442 mensis
710 2381 833 2455 huius,
856 2384 892 2442 et
914 2382 1156 2443 occideteum
1178 2385 1570 2460 omnisuulgussyna·

398 2501 550 2559 agogas
583 2483 752 2545 filiorum
785 2483 911 2544 Israel
941 2486 984 2544 ad
1018 2502 1227 2561 uesperam:
1262 2489 1297 2547 et
1318 2485 1507 2560 accipient
1529 2489 1570 2546 de

432 2589 632 2661 sanguine,
663 2591 701 2646 et
721 2591 861 2662 ponent
884 2587 997 2664 super
1016 2590 1104 2647 dnos
1132 2592 1261 2663 postes
1281 2591 1318 2648 et
1339 2605 1450 2663 super
1474 2588 1571 2646 limi·

431 2691 537 2748 naria
564 2688 600 2748 in
630 2689 814 2762 domibus,
856 2691 892 2748 in
920 2691 1055 2765 quihus
1084 2707 1162 2750 eum
1191 2690 1301 2750 edent
1328 2689 1363 2749 in
1392 2691 1505 2762 ipsis:
1536 2693 1571 2748 et

432 2790 545 2850 edent
578 2807 708 2851 carnes
742 2791 837 2850 istas
871 2797 980 2853 nocte
1016 2795 1165 2851 assatae
1202 2792 1299 2866 igni,
1336 2809 1460 2866 azyma
1496 2810 1572 2851 cum

433 2893 681 2954 amaritudine
715 2892 836 2954 edent.
870 2911 940 2953 non
974 2893 1096 2954 edetis
1125 2895 1166 2954 de
1189 2893 1244 2954 eis
1275 2895 1422 2955 crudam
1454 2909 1572 2969 neque

501 3077 519 3131 8
536 3077 584 3130 Ex.
604 3077 646 3140 12,
663 3077 759 3132 2-11.

502 3245 614 3316 tquae]
633 3245 740 3316 qnodb
864 3247 935 3314 poet}
954 3245 1079 3314 poeuith
1204 3245 1353 3312 licumque
1370 3261 1387 3298 c
1405 3243 1454 3299 deo
1472 3259 1519 3298 uoe
1540 3244 1573 3309 0,

435 3347 495 3385 cum
514 3331 620 3401 qnando
637 3347 686 3386 noe
703 3333 742 3395 bc.
761 3347 829 3386 onus
853 3331 881 3388 U
987 3347 1040 3386 non
1058 3330 1176 3399 tantum]
1196 3330 1377 3385 notandnmc
1485 3330 1575 3398 4quo

435 3417 474 3486 in]
492 3417 522 3471 in
540 3433 593 3486 quo
610 3418 639 3472 in
657 3435 709 3482 co,
728 3418 815 3486 quob
922 3421 950 3470 et
966 3418 1104 3486 praeterea
1122 3416 1147 3480 h,
1165 3415 1305 3483 praeteriti
1323 3418 1351 3468 ct
1369 3431 1399 3470 ce
1498 3415 1575 3470 liin·

436 3502 570 3570 cipiamh
679 3518 742 3571 ergo
761 3503 888 3570 itaquec
1000 3501 1173 3555 dilectissimi
1191 3517 1277 3555 om.c
1388 3500 1471 3554 exodo
1490 3498 1575 3554 delec-

435 3588 544 3644 tioneb
622 3588 876 3658 'leognoecimusc
955 3591 1045 3656 ipsum
1063 3585 1202 3641 dominum
1220 3587 1377 3641 nostrumh
1457 3585 1523 3640 8in
1542 3584 1575 3653 t]

437 3674 467 3728 hi
484 3675 618 3730 terramt
722 3673 1193 3741 10fareo‚rncoroc,1oqnoreo
1288 3671 1389 3726 israhel
1407 3671 1542 3739 tabique

438 3762 471 3814 11
489 3759 619 3820 decimac
722 3760 757 3814 12
773 3775 822 3829 per
838 3759 961 3814 domnoc
1066 3759 1100 3812 13
1117 3759 1146 3811 in
1163 3757 1300 3812 domumc
1404 3758 1437 3812 14
1455 3757 1587 3811 uicinum>

436 3849 497 3901 etc
613 3844 646 3899 15
664 3845 816 3898 animarum
835 3861 943 3898 suarum
963 3860 995 3899 co
1111 3844 1281 3911 computetc
1395 3844 1429 3897 16
1447 3843 1476 3896 in
1495 3857 1576 3912 quem

439 3947 516 3987 ouem
533 3933 550 3988 b
693 3929 850 3985 anniculum
868 3931 1016 4000 perfectum
1035 3929 1185 3984 masculum
1204 3945 1235 3985 co
1374 3928 1407 3982 ll
1425 3928 1478 3983 erit
1496 3927 1576 3982 nohis

437 4035 525 4075 oea.v
667 4019 697 4070 et
713 4015 749 4069 ab
766 4017 791 4081 h,
810 4015 845 4069 ab
863 4033 894 4072 cc
1040 4016 1074 4070 19
1092 4014 1213 4070 occident
1235 4016 1274 4070 W
1414 4030 1493 4068 omne
1512 4030 1543 4070 ee

437 4105 475 4160 20
491 4103 654 4174 accipiente
756 4101 792 4156 21
809 4101 950 4156 liminaria
964 4101 988 4167 b,
1007 4101 1090 4155 limen
1103 4116 1135 4156 cc
1237 4099 1272 4154 22
1289 4098 1411 4154 domusc
1515 4115 1576 4154 eum

439 4190 531 4261 edent]
550 4187 724 4244 comeditisc
827 4187 863 4242 24
880 4185 1061 4242 amaritudine
1079 4185 1103 4250 h.
1121 4185 1237 4255 pigridie
1256 4201 1288 4242 co
1390 4184 1573 4240 crudum-coc·

441 4277 635 4330 tum-assatum
653 4291 686 4330 co
