<?xml version="1.0" encoding="UTF-8"?>
<!DOCTYPE html PUBLIC "-//W3C//DTD XHTML 1.0 Transitional//EN"
    "http://www.w3.org/TR/xhtml1/DTD/xhtml1-transitional.dtd">
<html xmlns="http://www.w3.org/1999/xhtml" xml:lang="en" lang="en">
 <head>
  <title>
</title>
<meta http-equiv="Content-Type" content="text/html;charset=utf-8" />
  <meta name='ocr-system' content='tesseract 3.04.00' />
  <meta name='ocr-capabilities' content='ocr_page ocr_carea ocr_par ocr_line ocrx_word'/>
</head>
<body>
  <div class='ocr_page' id='page_1' title='image "./sthascicaecilic02cyprgoog_0391.png"; bbox 0 0 4000 5066; ppageno 0'>
   <div class='ocr_carea' id='block_1_1' title="bbox 495 464 1151 534">
    <p class='ocr_par' dir='ltr' id='par_1_1' title="bbox 495 464 1151 534">
     <span class='ocr_line' id='line_1_1' title="bbox 495 464 1151 534; baseline -0.005 -13"><span class='ocrx_word' id='word_1_1' title='bbox 495 469 560 533; x_wconf 80' lang='grc'><strong>260</strong></span> <span class='ocrx_word' id='word_1_2' title='bbox 967 464 1151 534; x_wconf 72' lang='lat' dir='ltr'><strong>Appendia</strong></span> 
     </span>
    </p>
   </div>
   <div class='ocr_carea' id='block_1_2' title="bbox 451 619 1669 3240">
    <p class='ocr_par' dir='ltr' id='par_1_2' title="bbox 495 619 1665 2225">
     <span class='ocr_line' id='line_1_2' title="bbox 495 619 1625 696; baseline -0.004 -14"><span class='ocrx_word' id='word_1_3' title='bbox 495 622 651 682; x_wconf 89' lang='lat' dir='ltr'><strong>admiserat</strong></span> <span class='ocrx_word' id='word_1_4' title='bbox 665 627 699 682; x_wconf 91' lang='lat' dir='ltr'><strong>nt</strong></span> <span class='ocrx_word' id='word_1_5' title='bbox 712 623 766 682; x_wconf 93' lang='lat' dir='ltr'><strong>hoc</strong></span> <span class='ocrx_word' id='word_1_6' title='bbox 780 621 951 696; x_wconf 78' lang='lat' dir='ltr'><strong>pateretur?</strong></span> <span class='ocrx_word' id='word_1_7' title='bbox 965 621 1023 681; x_wconf 89' lang='lat' dir='ltr'><strong>nisi</strong></span> <span class='ocrx_word' id='word_1_8' title='bbox 1038 619 1108 696; x_wconf 89' lang='lat' dir='ltr'><strong>quia</strong></span> <span class='ocrx_word' id='word_1_9' title='bbox 1123 637 1189 681; x_wconf 88' lang='lat' dir='ltr'><strong>uere</strong></span> <span class='ocrx_word' id='word_1_10' title='bbox 1200 625 1312 682; x_wconf 75' lang='lat' dir='ltr'><strong>coostm</strong></span> <span class='ocrx_word' id='word_1_11' title='bbox 1323 638 1387 682; x_wconf 89' lang='lat' dir='ltr'><strong>eum</strong></span> <span class='ocrx_word' id='word_1_12' title='bbox 1399 622 1507 680; x_wconf 77' lang='lat' dir='ltr'><strong>taetrum</strong></span> <span class='ocrx_word' id='word_1_13' title='bbox 1521 625 1553 679; x_wconf 89' lang='lat' dir='ltr'><strong>ut</strong></span> <span class='ocrx_word' id='word_1_14' title='bbox 1567 621 1625 678; x_wconf 83' lang='lat' dir='ltr'><strong>diri</strong></span> 
     </span>
     <span class='ocr_line' id='line_1_3' title="bbox 495 722 1627 800; baseline -0.002 -18"><span class='ocrx_word' id='word_1_15' title='bbox 495 725 527 783; x_wconf 91' lang='lat' dir='ltr'><strong>in</strong></span> <span class='ocrx_word' id='word_1_16' title='bbox 541 725 676 799; x_wconf 80' lang='lat' dir='ltr'><strong>mysterio</strong></span> <span class='ocrx_word' id='word_1_17' title='bbox 691 726 754 784; x_wconf 89' lang='lat' dir='ltr'><strong>eius</strong></span> <span class='ocrx_word' id='word_1_18' title='bbox 768 725 817 800; x_wconf 83' lang='lat' dir='ltr'><strong>qui</strong></span> <span class='ocrx_word' id='word_1_19' title='bbox 833 726 910 799; x_wconf 89' lang='lat' dir='ltr'><strong>prior</strong></span> <span class='ocrx_word' id='word_1_20' title='bbox 924 723 1017 799; x_wconf 73' lang='lat' dir='ltr'><strong>legam</strong></span> <span class='ocrx_word' id='word_1_21' title='bbox 1032 723 1086 784; x_wconf 86' lang='lat' dir='ltr'><strong>Dei</strong></span> <span class='ocrx_word' id='word_1_22' title='bbox 1111 726 1310 798; x_wconf 84' lang='lat' dir='ltr'><strong>transgressus</strong></span> <span class='ocrx_word' id='word_1_23' title='bbox 1335 725 1380 784; x_wconf 88' lang='lat' dir='ltr'><strong>est</strong></span> <span class='ocrx_word' id='word_1_24' title='bbox 1404 727 1435 782; x_wconf 91' lang='lat' dir='ltr'><strong>et</strong></span> <span class='ocrx_word' id='word_1_25' title='bbox 1459 722 1517 782; x_wconf 84' lang='lat' dir='ltr'><strong>fuit</strong></span> <span class='ocrx_word' id='word_1_26' title='bbox 1545 723 1627 795; x_wconf 84' lang='lat' dir='ltr'><strong>pater</strong></span> 
     </span>
     <span class='ocr_line' id='line_1_4' title="bbox 497 824 1627 902; baseline -0.004 -15"><span class='ocrx_word' id='word_1_27' title='bbox 497 828 621 888; x_wconf 88' lang='lat' dir='ltr'><strong>omnium</strong></span> <span class='ocrx_word' id='word_1_28' title='bbox 635 830 829 902; x_wconf 84' lang='lat' dir='ltr'><strong>peccatorum:</strong></span> <span class='ocrx_word' id='word_1_29' title='bbox 845 829 875 888; x_wconf 89' lang='lat' dir='ltr'><strong>ot</strong></span> <span class='ocrx_word' id='word_1_30' title='bbox 889 827 952 887; x_wconf 86' lang='lat' dir='ltr'><strong>ideo</strong></span> <span class='ocrx_word' id='word_1_31' title='bbox 967 844 1024 887; x_wconf 89' lang='lat' dir='ltr'><strong>non</strong></span> <span class='ocrx_word' id='word_1_32' title='bbox 1038 827 1131 886; x_wconf 89' lang='lat' dir='ltr'><strong>solum</strong></span> <span class='ocrx_word' id='word_1_33' title='bbox 1146 826 1226 887; x_wconf 80' lang='lat' dir='ltr'><strong>Adae</strong></span> <span class='ocrx_word' id='word_1_34' title='bbox 1238 826 1389 900; x_wconf 74' lang='lat' dir='ltr'><strong>oportebat</strong></span> <span class='ocrx_word' id='word_1_35' title='bbox 1403 824 1562 895; x_wconf 84' lang='lat' dir='ltr'><strong>subueniri,</strong></span> <span class='ocrx_word' id='word_1_36' title='bbox 1576 824 1627 883; x_wconf 89' lang='lat' dir='ltr'><strong>sed</strong></span> 
     </span>
     <span class='ocr_line' id='line_1_5' title="bbox 496 926 1626 1004; baseline -0.004 -16"><span class='ocrx_word' id='word_1_37' title='bbox 496 933 525 988; x_wconf 90' lang='lat' dir='ltr'><strong>et</strong></span> <span class='ocrx_word' id='word_1_38' title='bbox 540 928 671 988; x_wconf 90' lang='lat' dir='ltr'><strong>omnibns</strong></span> <span class='ocrx_word' id='word_1_39' title='bbox 686 929 883 1004; x_wconf 84' lang='lat' dir='ltr'><strong>peccatoribus</strong></span> <span class='ocrx_word' id='word_1_40' title='bbox 899 928 949 1002; x_wconf 89' lang='lat' dir='ltr'><strong>qui</strong></span> <span class='ocrx_word' id='word_1_41' title='bbox 964 926 1019 987; x_wconf 85' lang='lat' dir='ltr'><strong>tilii</strong></span> <span class='ocrx_word' id='word_1_42' title='bbox 1033 929 1167 988; x_wconf 76' lang='lat' dir='ltr'><strong>Abrahae</strong></span> <span class='ocrx_word' id='word_1_43' title='bbox 1188 927 1279 986; x_wconf 83' lang='lat' dir='ltr'><strong>futuri</strong></span> <span class='ocrx_word' id='word_1_44' title='bbox 1293 926 1549 1001; x_wconf 84' lang='lat' dir='ltr'><strong>praeuidobantur,</strong></span> <span class='ocrx_word' id='word_1_45' title='bbox 1565 943 1626 984; x_wconf 87' lang='lat' dir='ltr'><strong>uro·</strong></span> 
     </span>
     <span class='ocr_line' id='line_1_6' title="bbox 496 1031 1648 1105; baseline -0.006 -15"><span class='ocrx_word' id='word_1_46' title='bbox 496 1031 552 1090; x_wconf 88' lang='lat' dir='ltr'><strong>rito</strong></span> <span class='ocrx_word' id='word_1_47' title='bbox 574 1034 604 1090; x_wconf 90' lang='lat' dir='ltr'><strong>et</strong></span> <span class='ocrx_word' id='word_1_48' title='bbox 628 1031 684 1104; x_wconf 90' lang='lat' dir='ltr'><strong>ipsi</strong></span> <span class='ocrx_word' id='word_1_49' title='bbox 710 1032 821 1092; x_wconf 76' lang='lat' dir='ltr'><strong>ciuitati</strong></span> <span class='ocrx_word' id='word_1_50' title='bbox 849 1036 877 1092; x_wconf 88' lang='lat' dir='ltr'><strong>ot</strong></span> <span class='ocrx_word' id='word_1_51' title='bbox 902 1031 1011 1104; x_wconf 89' lang='lat' dir='ltr'><strong>templo</strong></span> <span class='ocrx_word' id='word_1_52' title='bbox 1025 1031 1192 1105; x_wconf 86' lang='lat' dir='ltr'><strong>priusquam</strong></span> <span class='ocrx_word' id='word_1_53' title='bbox 1213 1031 1439 1098; x_wconf 88' lang='lat' dir='ltr'><strong>subuerteretur,</strong></span> <span class='ocrx_word' id='word_1_54' title='bbox 1454 1031 1521 1101; x_wconf 88' lang='lat' dir='ltr'><strong>post</strong></span> <span class='ocrx_word' id='word_1_55' title='bbox 1535 1045 1648 1087; x_wconf 81' lang='lat' dir='ltr'><strong>annosa</strong></span> 
     </span>
     <span class='ocr_line' id='line_1_7' title="bbox 496 1129 1627 1206; baseline 0.002 -18"><span class='ocrx_word' id='word_1_56' title='bbox 496 1133 572 1190; x_wconf 85' lang='lat' dir='ltr'><strong>LXX</strong></span> <span class='ocrx_word' id='word_1_57' title='bbox 586 1133 729 1206; x_wconf 87' lang='lat' dir='ltr'><strong>restituto,</strong></span> <span class='ocrx_word' id='word_1_58' title='bbox 745 1134 1007 1206; x_wconf 69' lang='lat' dir='ltr'><strong>repromittebatur.</strong></span> <span class='ocrx_word' id='word_1_59' title='bbox 1021 1135 1052 1192; x_wconf 91' lang='lat' dir='ltr'><strong>et</strong></span> <span class='ocrx_word' id='word_1_60' title='bbox 1066 1134 1121 1193; x_wconf 89' lang='lat' dir='ltr'><strong>hoc</strong></span> <span class='ocrx_word' id='word_1_61' title='bbox 1136 1136 1199 1192; x_wconf 89' lang='lat' dir='ltr'><strong>erat</strong></span> <span class='ocrx_word' id='word_1_62' title='bbox 1214 1133 1289 1206; x_wconf 90' lang='lat' dir='ltr'><strong>quod</strong></span> <span class='ocrx_word' id='word_1_63' title='bbox 1312 1131 1370 1190; x_wconf 88' lang='lat' dir='ltr'><strong>iam</strong></span> <span class='ocrx_word' id='word_1_64' title='bbox 1392 1133 1462 1190; x_wconf 91' lang='lat' dir='ltr'><strong>tunc</strong></span> <span class='ocrx_word' id='word_1_65' title='bbox 1483 1130 1520 1190; x_wconf 82' lang='lat' dir='ltr'><strong>ab</strong></span> <span class='ocrx_word' id='word_1_66' title='bbox 1543 1129 1627 1190; x_wconf 90' lang='lat' dir='ltr'><strong>initio</strong></span> 
     </span>
     <span class='ocr_line' id='line_1_8' title="bbox 497 1233 1628 1309; baseline -0.004 -15"><span class='ocrx_word' id='word_1_67' title='bbox 497 1235 604 1294; x_wconf 87' lang='lat' dir='ltr'><strong>saeculi</strong></span> <span class='ocrx_word' id='word_1_68' title='bbox 619 1235 649 1293; x_wconf 90' lang='lat' dir='ltr'><strong>in</strong></span> <span class='ocrx_word' id='word_1_69' title='bbox 663 1235 811 1295; x_wconf 80' lang='lat' dir='ltr'><strong>Abrabam</strong></span> <span class='ocrx_word' id='word_1_70' title='bbox 825 1237 936 1309; x_wconf 88' lang='lat' dir='ltr'><strong>patrem</strong></span> <span class='ocrx_word' id='word_1_71' title='bbox 951 1235 1019 1294; x_wconf 89' lang='lat' dir='ltr'><strong>fidei</strong></span> <span class='ocrx_word' id='word_1_72' title='bbox 1033 1234 1296 1295; x_wconf 78' lang='lat' dir='ltr'><strong>demonstrabatur:</strong></span> <span class='ocrx_word' id='word_1_73' title='bbox 1319 1233 1369 1307; x_wconf 85' lang='lat' dir='ltr'><strong>qui</strong></span> <span class='ocrx_word' id='word_1_74' title='bbox 1383 1250 1447 1292; x_wconf 88' lang='lat' dir='ltr'><strong>cum</strong></span> <span class='ocrx_word' id='word_1_75' title='bbox 1463 1233 1628 1306; x_wconf 78' lang='lat' dir='ltr'><strong>supplesset</strong></span> 
     </span>
     <span class='ocr_line' id='line_1_9' title="bbox 497 1333 1628 1410; baseline -0.003 -15"><span class='ocrx_word' id='word_1_76' title='bbox 497 1338 575 1396; x_wconf 88' lang='lat' dir='ltr'><strong>adia</strong></span> <span class='ocrx_word' id='word_1_77' title='bbox 591 1337 754 1397; x_wconf 80' lang='lat' dir='ltr'><strong>natiuItatis</strong></span> <span class='ocrx_word' id='word_1_78' title='bbox 769 1353 838 1396; x_wconf 87' lang='lat' dir='ltr'><strong>suae</strong></span> <span class='ocrx_word' id='word_1_79' title='bbox 853 1353 945 1396; x_wconf 91' lang='lat' dir='ltr'><strong>annos</strong></span> <span class='ocrx_word' id='word_1_80' title='bbox 959 1337 1045 1408; x_wconf 89' lang='lat' dir='ltr'><strong>LXX,</strong></span> <span class='ocrx_word' id='word_1_81' title='bbox 1068 1353 1128 1396; x_wconf 92' lang='lat' dir='ltr'><strong>non</strong></span> <span class='ocrx_word' id='word_1_82' title='bbox 1144 1336 1237 1410; x_wconf 90' lang='lat' dir='ltr'><strong>potuit</strong></span> <span class='ocrx_word' id='word_1_83' title='bbox 1251 1336 1286 1395; x_wconf 90' lang='lat' dir='ltr'><strong>de</strong></span> <span class='ocrx_word' id='word_1_84' title='bbox 1302 1337 1380 1395; x_wconf 88' lang='lat' dir='ltr'><strong>terra</strong></span> <span class='ocrx_word' id='word_1_85' title='bbox 1393 1352 1447 1394; x_wconf 87' lang='lat' dir='ltr'><strong>sua</strong></span> <span class='ocrx_word' id='word_1_86' title='bbox 1461 1334 1549 1406; x_wconf 85' lang='lat' dir='ltr'><strong>exire,</strong></span> <span class='ocrx_word' id='word_1_87' title='bbox 1570 1333 1628 1393; x_wconf 88' lang='lat' dir='ltr'><strong>nisi</strong></span> 
     </span>
     <span class='ocr_line' id='line_1_10' title="bbox 499 1437 1628 1513; baseline -0.003 -16"><span class='ocrx_word' id='word_1_88' title='bbox 499 1438 730 1500; x_wconf 86' lang='lat' dir='ltr'><strong>insimilitudine</strong></span> <span class='ocrx_word' id='word_1_89' title='bbox 746 1439 945 1513; x_wconf 70' lang='lat' dir='ltr'><strong>Pentateuchi,</strong></span> <span class='ocrx_word' id='word_1_90' title='bbox 972 1439 1054 1498; x_wconf 91' lang='lat' dir='ltr'><strong>cuius</strong></span> <span class='ocrx_word' id='word_1_91' title='bbox 1080 1439 1215 1500; x_wconf 86' lang='lat' dir='ltr'><strong>uniuersa</strong></span> <span class='ocrx_word' id='word_1_92' title='bbox 1239 1438 1375 1498; x_wconf 81' lang='lat' dir='ltr'><strong>mandata</strong></span> <span class='ocrx_word' id='word_1_93' title='bbox 1399 1437 1522 1513; x_wconf 89' lang='lat' dir='ltr'><strong>populus</strong></span> <span class='ocrx_word' id='word_1_94' title='bbox 1537 1437 1628 1498; x_wconf 88' lang='lat' dir='ltr'><strong>Israel</strong></span> 
     </span>
     <span class='ocr_line' id='line_1_11' title="bbox 498 1541 1665 1613; baseline -0.006 -14"><span class='ocrx_word' id='word_1_95' title='bbox 498 1558 555 1601; x_wconf 89' lang='lat' dir='ltr'><strong>non</strong></span> <span class='ocrx_word' id='word_1_96' title='bbox 569 1545 631 1599; x_wconf 89' lang='lat' dir='ltr'><strong>erat</strong></span> <span class='ocrx_word' id='word_1_97' title='bbox 646 1542 859 1612; x_wconf 89' lang='lat' dir='ltr'><strong>obseruaturos,</strong></span> <span class='ocrx_word' id='word_1_98' title='bbox 874 1542 1055 1601; x_wconf 87' lang='lat' dir='ltr'><strong>edicerentur</strong></span> <span class='ocrx_word' id='word_1_99' title='bbox 1071 1543 1101 1601; x_wconf 91' lang='lat' dir='ltr'><strong>ot</strong></span> <span class='ocrx_word' id='word_1_100' title='bbox 1115 1543 1184 1599; x_wconf 89' lang='lat' dir='ltr'><strong>anni</strong></span> <span class='ocrx_word' id='word_1_101' title='bbox 1198 1542 1234 1613; x_wconf 94' lang='lat' dir='ltr'><strong>V,</strong></span> <span class='ocrx_word' id='word_1_102' title='bbox 1258 1544 1288 1600; x_wconf 91' lang='lat' dir='ltr'><strong>et</strong></span> <span class='ocrx_word' id='word_1_103' title='bbox 1303 1541 1346 1600; x_wconf 91' lang='lat' dir='ltr'><strong>sic</strong></span> <span class='ocrx_word' id='word_1_104' title='bbox 1360 1541 1479 1601; x_wconf 89' lang='lat' dir='ltr'><strong>credens</strong></span> <span class='ocrx_word' id='word_1_105' title='bbox 1495 1541 1564 1610; x_wconf 86' lang='lat' dir='ltr'><strong>Deo,</strong></span> <span class='ocrx_word' id='word_1_106' title='bbox 1581 1557 1627 1599; x_wconf 91' lang='lat' dir='ltr'><strong>re·</strong></span> <span class='ocrx_word' id='word_1_107' title='bbox 1640 1555 1665 1594; x_wconf 83' lang='lat' dir='ltr'><strong>ro</strong></span> 
     </span>
     <span class='ocr_line' id='line_1_12' title="bbox 499 1639 1629 1717; baseline -0.004 -14"><span class='ocrx_word' id='word_1_108' title='bbox 499 1647 647 1717; x_wconf 78' lang='lat' dir='ltr'><strong>putaretur</strong></span> <span class='ocrx_word' id='word_1_109' title='bbox 668 1640 695 1702; x_wconf 87' lang='lat' dir='ltr'><strong>ci</strong></span> <span class='ocrx_word' id='word_1_110' title='bbox 717 1644 754 1702; x_wconf 88' lang='lat' dir='ltr'><strong>ad</strong></span> <span class='ocrx_word' id='word_1_111' title='bbox 775 1643 927 1702; x_wconf 87' lang='lat' dir='ltr'><strong>iustitiam.</strong></span> <span class='ocrx_word' id='word_1_112' title='bbox 943 1643 991 1703; x_wconf 91' lang='lat' dir='ltr'><strong>hic</strong></span> <span class='ocrx_word' id='word_1_113' title='bbox 1006 1645 1052 1702; x_wconf 90' lang='lat' dir='ltr'><strong>ast</strong></span> <span class='ocrx_word' id='word_1_114' title='bbox 1067 1644 1165 1716; x_wconf 80' lang='lat' dir='ltr'><strong>itaque</strong></span> <span class='ocrx_word' id='word_1_115' title='bbox 1180 1643 1325 1702; x_wconf 78' lang='lat' dir='ltr'><strong>Abraham</strong></span> <span class='ocrx_word' id='word_1_116' title='bbox 1351 1643 1385 1702; x_wconf 94' lang='lat' dir='ltr'><strong>de</strong></span> <span class='ocrx_word' id='word_1_117' title='bbox 1412 1658 1468 1716; x_wconf 85' lang='lat' dir='ltr'><strong>quo</strong></span> <span class='ocrx_word' id='word_1_118' title='bbox 1495 1639 1629 1714; x_wconf 87' lang='lat' dir='ltr'><strong>superius</strong></span> 
     </span>
     <span class='ocr_line' id='line_1_13' title="bbox 499 1743 1628 1818; baseline -0.004 -15"><span class='ocrx_word' id='word_1_119' title='bbox 499 1745 631 1815; x_wconf 81' lang='lat' dir='ltr'><strong>diximus,</strong></span> <span class='ocrx_word' id='word_1_120' title='bbox 647 1746 723 1818; x_wconf 86' lang='lat' dir='ltr'><strong>quod</strong></span> <span class='ocrx_word' id='word_1_121' title='bbox 738 1744 840 1803; x_wconf 83' lang='lat' dir='ltr'>LXXV</span> <span class='ocrx_word' id='word_1_122' title='bbox 865 1761 1004 1804; x_wconf 85' lang='lat' dir='ltr'><strong>annorum</strong></span> <span class='ocrx_word' id='word_1_123' title='bbox 1030 1745 1186 1804; x_wconf 81' lang='lat' dir='ltr'><strong>crediderit</strong></span> <span class='ocrx_word' id='word_1_124' title='bbox 1212 1746 1340 1803; x_wconf 77' lang='lat' dir='ltr'><strong>siccatos.</strong></span> <span class='ocrx_word' id='word_1_125' title='bbox 1367 1746 1404 1802; x_wconf 87' lang='lat' dir='ltr'><strong>ad</strong></span> <span class='ocrx_word' id='word_1_126' title='bbox 1430 1761 1501 1818; x_wconf 90' lang='lat' dir='ltr'><strong>quos</strong></span> <span class='ocrx_word' id='word_1_127' title='bbox 1527 1743 1628 1800; x_wconf 89' lang='lat' dir='ltr'>LXXV</span> 
     </span>
     <span class='ocr_line' id='line_1_14' title="bbox 500 1845 1627 1919; baseline -0.003 -15"><span class='ocrx_word' id='word_1_128' title='bbox 500 1863 588 1904; x_wconf 86' lang='lat' dir='ltr'><strong>annos</strong></span> <span class='ocrx_word' id='word_1_129' title='bbox 603 1845 727 1904; x_wconf 88' lang='lat' dir='ltr'><strong>adicitur</strong></span> <span class='ocrx_word' id='word_1_130' title='bbox 742 1863 817 1903; x_wconf 91' lang='lat' dir='ltr'><strong>unus</strong></span> <span class='ocrx_word' id='word_1_131' title='bbox 831 1861 932 1916; x_wconf 86' lang='lat' dir='ltr'><strong>annus,</strong></span> <span class='ocrx_word' id='word_1_132' title='bbox 948 1849 978 1904; x_wconf 94' lang='lat' dir='ltr'><strong>ot</strong></span> <span class='ocrx_word' id='word_1_133' title='bbox 992 1845 1065 1903; x_wconf 85' lang='lat' dir='ltr'><strong>dunt</strong></span> <span class='ocrx_word' id='word_1_134' title='bbox 1079 1845 1206 1903; x_wconf 83' lang='lat' dir='ltr'>LXXVI.</span> <span class='ocrx_word' id='word_1_135' title='bbox 1229 1845 1294 1919; x_wconf 87' lang='lat' dir='ltr'><strong>quis</strong></span> <span class='ocrx_word' id='word_1_136' title='bbox 1318 1847 1412 1904; x_wconf 87' lang='lat' dir='ltr'><strong>autem</strong></span> <span class='ocrx_word' id='word_1_137' title='bbox 1434 1845 1484 1903; x_wconf 91' lang='lat' dir='ltr'><strong>lric</strong></span> <span class='ocrx_word' id='word_1_138' title='bbox 1499 1845 1549 1918; x_wconf 86' lang='lat' dir='ltr'><strong>qui</strong></span> <span class='ocrx_word' id='word_1_139' title='bbox 1564 1845 1627 1904; x_wconf 88' lang='lat' dir='ltr'><strong>cdi-</strong></span> 
     </span>
     <span class='ocr_line' id='line_1_15' title="bbox 499 1947 1628 2021; baseline -0.001 -15"><span class='ocrx_word' id='word_1_140' title='bbox 499 1948 575 2006; x_wconf 89' lang='lat' dir='ltr'><strong>oitur</strong></span> <span class='ocrx_word' id='word_1_141' title='bbox 589 1952 683 2006; x_wconf 74' lang='lat' dir='ltr'><strong>nnus?</strong></span> <span class='ocrx_word' id='word_1_142' title='bbox 710 1947 759 2006; x_wconf 90' lang='lat' dir='ltr'><strong>ille</strong></span> <span class='ocrx_word' id='word_1_143' title='bbox 774 1947 887 2006; x_wconf 89' lang='lat' dir='ltr'><strong>scilicet</strong></span> <span class='ocrx_word' id='word_1_144' title='bbox 901 1948 951 2021; x_wconf 91' lang='lat' dir='ltr'><strong>qni</strong></span> <span class='ocrx_word' id='word_1_145' title='bbox 966 1949 1001 2007; x_wconf 94' lang='lat' dir='ltr'><strong>de</strong></span> <span class='ocrx_word' id='word_1_146' title='bbox 1017 1949 1124 2006; x_wconf 85' lang='lat' dir='ltr'><strong>somme</strong></span> <span class='ocrx_word' id='word_1_147' title='bbox 1140 1947 1202 2006; x_wconf 91' lang='lat' dir='ltr'><strong>eius</strong></span> <span class='ocrx_word' id='word_1_148' title='bbox 1216 1964 1308 2020; x_wconf 82' lang='lat' dir='ltr'><strong>eguus</strong></span> <span class='ocrx_word' id='word_1_149' title='bbox 1323 1948 1475 2008; x_wconf 89' lang='lat' dir='ltr'><strong>anniculus</strong></span> <span class='ocrx_word' id='word_1_150' title='bbox 1489 1948 1628 2007; x_wconf 87' lang='lat' dir='ltr'><strong>immacu·</strong></span> 
     </span>
     <span class='ocr_line' id='line_1_16' title="bbox 500 2048 1665 2123; baseline -0.003 -15"><span class='ocrx_word' id='word_1_151' title='bbox 500 2051 577 2108; x_wconf 89' lang='lat' dir='ltr'><strong>latus</strong></span> <span class='ocrx_word' id='word_1_152' title='bbox 591 2051 637 2108; x_wconf 87' lang='lat' dir='ltr'><strong>est</strong></span> <span class='ocrx_word' id='word_1_153' title='bbox 651 2050 755 2108; x_wconf 90' lang='lat' dir='ltr'><strong>dictus.</strong></span> <span class='ocrx_word' id='word_1_154' title='bbox 771 2050 863 2123; x_wconf 78' lang='lat' dir='ltr'><strong>Igitur</strong></span> <span class='ocrx_word' id='word_1_155' title='bbox 878 2051 913 2108; x_wconf 92' lang='lat' dir='ltr'><strong>de</strong></span> <span class='ocrx_word' id='word_1_156' title='bbox 928 2049 1009 2108; x_wconf 88' lang='lat' dir='ltr'><strong>mille</strong></span> <span class='ocrx_word' id='word_1_157' title='bbox 1024 2053 1054 2110; x_wconf 88' lang='lat' dir='ltr'><strong>st</strong></span> <span class='ocrx_word' id='word_1_158' title='bbox 1068 2067 1120 2108; x_wconf 82' lang='lat' dir='ltr'><strong>sor</strong></span> <span class='ocrx_word' id='word_1_159' title='bbox 1135 2051 1307 2109; x_wconf 86' lang='lat' dir='ltr'><strong>deducamus</strong></span> <span class='ocrx_word' id='word_1_160' title='bbox 1330 2048 1457 2119; x_wconf 88' lang='lat' dir='ltr'>LXXVI,</span> <span class='ocrx_word' id='word_1_161' title='bbox 1480 2053 1509 2108; x_wconf 89' lang='lat' dir='ltr'><strong>et</strong></span> <span class='ocrx_word' id='word_1_162' title='bbox 1532 2064 1625 2108; x_wconf 89' lang='lat' dir='ltr'><strong>rema-</strong></span> <span class='ocrx_word' id='word_1_163' title='bbox 1641 2066 1665 2104; x_wconf 84' lang='lat' dir='ltr'><strong>a</strong></span> 
     </span>
     <span class='ocr_line' id='line_1_17' title="bbox 500 2151 1535 2225; baseline 0 -17"><span class='ocrx_word' id='word_1_164' title='bbox 500 2155 570 2208; x_wconf 90' lang='lat' dir='ltr'><strong>nent</strong></span> <span class='ocrx_word' id='word_1_165' title='bbox 584 2151 652 2208; x_wconf 89' lang='lat' dir='ltr'><strong>anni</strong></span> <span class='ocrx_word' id='word_1_166' title='bbox 667 2151 874 2223; x_wconf 81' lang='lat' dir='ltr'>DOGOOXXX,</span> <span class='ocrx_word' id='word_1_167' title='bbox 891 2153 995 2223; x_wconf 87' lang='lat' dir='ltr'><strong>quibus</strong></span> <span class='ocrx_word' id='word_1_168' title='bbox 1009 2151 1153 2225; x_wconf 89' lang='lat' dir='ltr'><strong>suppletis</strong></span> <span class='ocrx_word' id='word_1_169' title='bbox 1167 2151 1259 2210; x_wconf 80' lang='lat' dir='ltr'><strong>Adam</strong></span> <span class='ocrx_word' id='word_1_170' title='bbox 1275 2152 1390 2210; x_wconf 83' lang='lat' dir='ltr'><strong>Iunctus</strong></span> <span class='ocrx_word' id='word_1_171' title='bbox 1405 2155 1451 2208; x_wconf 87' lang='lat' dir='ltr'><strong>est</strong></span> <span class='ocrx_word' id='word_1_172' title='bbox 1466 2152 1535 2209; x_wconf 87' lang='lat' dir='ltr'><strong>uita.</strong></span> 
     </span>
    </p>

    <p class='ocr_par' dir='ltr' id='par_1_3' title="bbox 451 2251 1669 3240">
     <span class='ocr_line' id='line_1_18' title="bbox 451 2251 1629 2326; baseline -0.002 -14"><span class='ocrx_word' id='word_1_173' title='bbox 451 2256 491 2312; x_wconf 83' lang='lat'><strong>13</strong></span> <span class='ocrx_word' id='word_1_174' title='bbox 544 2251 613 2310; x_wconf 87' lang='lat' dir='ltr'><strong>Post</strong></span> <span class='ocrx_word' id='word_1_175' title='bbox 627 2252 697 2310; x_wconf 88' lang='lat' dir='ltr'><strong>haec</strong></span> <span class='ocrx_word' id='word_1_176' title='bbox 712 2255 806 2312; x_wconf 89' lang='lat' dir='ltr'><strong>autom</strong></span> <span class='ocrx_word' id='word_1_177' title='bbox 821 2254 1046 2312; x_wconf 86' lang='lat' dir='ltr'><strong>demonstremus</strong></span> <span class='ocrx_word' id='word_1_178' title='bbox 1060 2251 1240 2325; x_wconf 87' lang='lat' dir='ltr'><strong>captiuitatis</strong></span> <span class='ocrx_word' id='word_1_179' title='bbox 1259 2256 1371 2326; x_wconf 89' lang='lat' dir='ltr'><strong>tempus</strong></span> <span class='ocrx_word' id='word_1_180' title='bbox 1390 2269 1529 2311; x_wconf 83' lang='lat' dir='ltr'><strong>annorum</strong></span> <span class='ocrx_word' id='word_1_181' title='bbox 1544 2251 1629 2310; x_wconf 87' lang='lat' dir='ltr'>LXX.</span> 
     </span>
     <span class='ocr_line' id='line_1_19' title="bbox 500 2352 1628 2426; baseline -0.001 -15"><span class='ocrx_word' id='word_1_182' title='bbox 500 2352 641 2426; x_wconf 88' lang='lat' dir='ltr'><strong>suppletis</strong></span> <span class='ocrx_word' id='word_1_183' title='bbox 655 2355 731 2412; x_wconf 90' lang='lat' dir='ltr'><strong>enim</strong></span> <span class='ocrx_word' id='word_1_184' title='bbox 754 2355 791 2412; x_wconf 94' lang='lat' dir='ltr'><strong>ab</strong></span> <span class='ocrx_word' id='word_1_185' title='bbox 814 2354 911 2413; x_wconf 81' lang='lat' dir='ltr'><strong>Idrodo</strong></span> <span class='ocrx_word' id='word_1_186' title='bbox 928 2370 1017 2426; x_wconf 89' lang='lat' dir='ltr'><strong>usque</strong></span> <span class='ocrx_word' id='word_1_187' title='bbox 1033 2355 1070 2412; x_wconf 93' lang='lat' dir='ltr'><strong>ad</strong></span> <span class='ocrx_word' id='word_1_188' title='bbox 1085 2354 1248 2414; x_wconf 87' lang='lat' dir='ltr'><strong>lechoniam</strong></span> <span class='ocrx_word' id='word_1_189' title='bbox 1263 2356 1346 2412; x_wconf 87' lang='lat' dir='ltr'><strong>aunis</strong></span> <span class='ocrx_word' id='word_1_190' title='bbox 1359 2353 1628 2411; x_wconf 78' lang='lat' dir='ltr'>DCOCGLXXXXV</span> 
     </span>
     <span class='ocr_line' id='line_1_20' title="bbox 500 2455 1629 2528; baseline 0 -16"><span class='ocrx_word' id='word_1_191' title='bbox 500 2455 655 2512; x_wconf 79' lang='lat' dir='ltr'><strong>adiciamus</strong></span> <span class='ocrx_word' id='word_1_192' title='bbox 669 2455 711 2512; x_wconf 89' lang='lat' dir='ltr'><strong>XI</strong></span> <span class='ocrx_word' id='word_1_193' title='bbox 725 2455 873 2526; x_wconf 88' lang='lat' dir='ltr'><strong>Sedociue,</strong></span> <span class='ocrx_word' id='word_1_194' title='bbox 900 2455 950 2528; x_wconf 86' lang='lat' dir='ltr'><strong>qui</strong></span> <span class='ocrx_word' id='word_1_195' title='bbox 965 2456 1034 2514; x_wconf 84' lang='lat' dir='ltr'><strong>enni</strong></span> <span class='ocrx_word' id='word_1_196' title='bbox 1060 2456 1192 2514; x_wconf 87' lang='lat' dir='ltr'><strong>undecim</strong></span> <span class='ocrx_word' id='word_1_197' title='bbox 1218 2457 1247 2513; x_wconf 91' lang='lat' dir='ltr'><strong>in</strong></span> <span class='ocrx_word' id='word_1_198' title='bbox 1270 2471 1386 2528; x_wconf 87' lang='lat' dir='ltr'><strong>corpore</strong></span> <span class='ocrx_word' id='word_1_199' title='bbox 1400 2455 1475 2512; x_wconf 87' lang='lat' dir='ltr'><strong>LXX</strong></span> <span class='ocrx_word' id='word_1_200' title='bbox 1490 2471 1629 2514; x_wconf 89' lang='lat' dir='ltr'><strong>annorum</strong></span> 
     </span>
     <span class='ocr_line' id='line_1_21' title="bbox 501 2555 1669 2632; baseline -0.002 -16"><span class='ocrx_word' id='word_1_201' title='bbox 501 2559 708 2630; x_wconf 87' lang='lat' dir='ltr'><strong>computentur.</strong></span> <span class='ocrx_word' id='word_1_202' title='bbox 725 2573 780 2629; x_wconf 89' lang='lat' dir='ltr'><strong>quo</strong></span> <span class='ocrx_word' id='word_1_203' title='bbox 796 2560 890 2616; x_wconf 87' lang='lat' dir='ltr'><strong>autem</strong></span> <span class='ocrx_word' id='word_1_204' title='bbox 906 2557 989 2616; x_wconf 90' lang='lat' dir='ltr'><strong>modo</strong></span> <span class='ocrx_word' id='word_1_205' title='bbox 1004 2556 1161 2616; x_wconf 87' lang='lat' dir='ltr'><strong>uideamus.</strong></span> <span class='ocrx_word' id='word_1_206' title='bbox 1177 2575 1211 2616; x_wconf 85' lang='lat' dir='ltr'><strong>er</strong></span> <span class='ocrx_word' id='word_1_207' title='bbox 1222 2574 1277 2631; x_wconf 89' lang='lat' dir='ltr'><strong>quo</strong></span> <span class='ocrx_word' id='word_1_208' title='bbox 1288 2558 1373 2632; x_wconf 89' lang='lat' dir='ltr'><strong>capta</strong></span> <span class='ocrx_word' id='word_1_209' title='bbox 1383 2558 1428 2616; x_wconf 92' lang='lat' dir='ltr'><strong>est</strong></span> <span class='ocrx_word' id='word_1_210' title='bbox 1439 2555 1631 2627; x_wconf 85' lang='lat' dir='ltr'><strong>Hiemsalom,</strong></span> <span class='ocrx_word' id='word_1_211' title='bbox 1641 2575 1669 2614; x_wconf 80' lang='lat' dir='ltr'><strong>eo</strong></span> 
     </span>
     <span class='ocr_line' id='line_1_22' title="bbox 502 2658 1633 2732; baseline 0 -16"><span class='ocrx_word' id='word_1_212' title='bbox 502 2659 564 2732; x_wconf 89' lang='lat' dir='ltr'><strong>ipse</strong></span> <span class='ocrx_word' id='word_1_213' title='bbox 579 2658 711 2718; x_wconf 71' lang='lat' dir='ltr'><strong>Sedecim</strong></span> <span class='ocrx_word' id='word_1_214' title='bbox 727 2658 811 2717; x_wconf 80' lang='lat' dir='ltr'><strong>annis</strong></span> <span class='ocrx_word' id='word_1_215' title='bbox 826 2659 876 2716; x_wconf 91' lang='lat' dir='ltr'><strong>XI.</strong></span> <span class='ocrx_word' id='word_1_216' title='bbox 892 2663 1057 2732; x_wconf 91' lang='lat' dir='ltr'><strong>postquem</strong></span> <span class='ocrx_word' id='word_1_217' title='bbox 1074 2659 1343 2730; x_wconf 79' lang='lat' dir='ltr'><strong>Nabuchodonosor,</strong></span> <span class='ocrx_word' id='word_1_218' title='bbox 1361 2659 1410 2732; x_wconf 86' lang='lat' dir='ltr'><strong>qui</strong></span> <span class='ocrx_word' id='word_1_219' title='bbox 1426 2676 1490 2718; x_wconf 89' lang='lat' dir='ltr'><strong>oum</strong></span> <span class='ocrx_word' id='word_1_220' title='bbox 1509 2658 1538 2716; x_wconf 84' lang='lat' dir='ltr'><strong>ln</strong></span> <span class='ocrx_word' id='word_1_221' title='bbox 1554 2661 1633 2718; x_wconf 87' lang='lat' dir='ltr'><strong>terra</strong></span> 
     </span>
     <span class='ocr_line' id='line_1_23' title="bbox 503 2759 1631 2820; baseline 0.001 -3"><span class='ocrx_word' id='word_1_222' title='bbox 503 2761 708 2820; x_wconf 82' lang='lat' dir='ltr'><strong>Chaldaeorum</strong></span> <span class='ocrx_word' id='word_1_223' title='bbox 722 2759 854 2819; x_wconf 90' lang='lat' dir='ltr'><strong>uinctum</strong></span> <span class='ocrx_word' id='word_1_224' title='bbox 870 2761 952 2819; x_wconf 85' lang='lat' dir='ltr'><strong>duxit</strong></span> <span class='ocrx_word' id='word_1_225' title='bbox 966 2761 1049 2818; x_wconf 86' lang='lat' dir='ltr'><strong>annis</strong></span> <span class='ocrx_word' id='word_1_226' title='bbox 1065 2759 1150 2818; x_wconf 91' lang='lat' dir='ltr'>XXV.</span> <span class='ocrx_word' id='word_1_227' title='bbox 1178 2760 1367 2820; x_wconf 89' lang='lat' dir='ltr'><strong>Vlemaradan</strong></span> <span class='ocrx_word' id='word_1_228' title='bbox 1381 2762 1465 2819; x_wconf 85' lang='lat' dir='ltr'><strong>annis</strong></span> <span class='ocrx_word' id='word_1_229' title='bbox 1480 2761 1546 2818; x_wconf 89' lang='lat' dir='ltr'>XII.</span> <span class='ocrx_word' id='word_1_230' title='bbox 1563 2760 1631 2818; x_wconf 84' lang='lat' dir='ltr'><strong>Bal·</strong></span> 
     </span>
     <span class='ocr_line' id='line_1_24' title="bbox 502 2861 1630 2938; baseline -0.002 -18"><span class='ocrx_word' id='word_1_231' title='bbox 502 2863 601 2922; x_wconf 85' lang='lat' dir='ltr'><strong>thaser</strong></span> <span class='ocrx_word' id='word_1_232' title='bbox 616 2863 698 2921; x_wconf 89' lang='lat' dir='ltr'><strong>annis</strong></span> <span class='ocrx_word' id='word_1_233' title='bbox 713 2862 784 2920; x_wconf 91' lang='lat' dir='ltr'>IIII.</span> <span class='ocrx_word' id='word_1_234' title='bbox 815 2865 845 2921; x_wconf 87' lang='lat' dir='ltr'><strong>et</strong></span> <span class='ocrx_word' id='word_1_235' title='bbox 860 2862 966 2922; x_wconf 85' lang='lat' dir='ltr'><strong>Darius</strong></span> <span class='ocrx_word' id='word_1_236' title='bbox 979 2862 1045 2938; x_wconf 83' lang='lat' dir='ltr'><strong>Cyri</strong></span> <span class='ocrx_word' id='word_1_237' title='bbox 1060 2863 1139 2922; x_wconf 81' lang='lat' dir='ltr'><strong>illins</strong></span> <span class='ocrx_word' id='word_1_238' title='bbox 1154 2863 1237 2923; x_wconf 85' lang='lat' dir='ltr'><strong>ennis</strong></span> <span class='ocrx_word' id='word_1_239' title='bbox 1251 2863 1359 2923; x_wconf 91' lang='lat' dir='ltr'>XVIII.</span> <span class='ocrx_word' id='word_1_240' title='bbox 1388 2867 1456 2922; x_wconf 91' lang='lat' dir='ltr'><strong>sunt</strong></span> <span class='ocrx_word' id='word_1_241' title='bbox 1471 2862 1501 2921; x_wconf 90' lang='lat' dir='ltr'><strong>in</strong></span> <span class='ocrx_word' id='word_1_242' title='bbox 1516 2879 1548 2922; x_wconf 92' lang='lat' dir='ltr'><strong>se</strong></span> <span class='ocrx_word' id='word_1_243' title='bbox 1562 2861 1630 2920; x_wconf 88' lang='lat' dir='ltr'><strong>anni</strong></span> 
     </span>
     <span class='ocr_line' id='line_1_25' title="bbox 504 2961 1630 3038; baseline 0.001 -18"><span class='ocrx_word' id='word_1_244' title='bbox 504 2961 586 3022; x_wconf 87' lang='lat' dir='ltr'>LXX.</span> <span class='ocrx_word' id='word_1_245' title='bbox 618 2967 647 3022; x_wconf 93' lang='lat' dir='ltr'><strong>et</strong></span> <span class='ocrx_word' id='word_1_246' title='bbox 661 2963 704 3020; x_wconf 86' lang='lat' dir='ltr'><strong>sic</strong></span> <span class='ocrx_word' id='word_1_247' title='bbox 719 2963 809 3036; x_wconf 84' lang='lat' dir='ltr'><strong>Cyrus</strong></span> <span class='ocrx_word' id='word_1_248' title='bbox 825 2963 953 3036; x_wconf 90' lang='lat' dir='ltr'><strong>suscepit</strong></span> <span class='ocrx_word' id='word_1_249' title='bbox 975 2977 1094 3038; x_wconf 78' lang='lat' dir='ltr'><strong>rognum</strong></span> <span class='ocrx_word' id='word_1_250' title='bbox 1109 2965 1254 3024; x_wconf 84' lang='lat' dir='ltr'><strong>Medomm</strong></span> <span class='ocrx_word' id='word_1_251' title='bbox 1269 2969 1298 3023; x_wconf 89' lang='lat' dir='ltr'><strong>et</strong></span> <span class='ocrx_word' id='word_1_252' title='bbox 1314 2966 1476 3024; x_wconf 78' lang='lat' dir='ltr'><strong>Persarum.</strong></span> <span class='ocrx_word' id='word_1_253' title='bbox 1508 2965 1570 3037; x_wconf 91' lang='lat' dir='ltr'><strong>ipso</strong></span> <span class='ocrx_word' id='word_1_254' title='bbox 1585 2967 1630 3021; x_wconf 89' lang='lat' dir='ltr'><strong>ost</strong></span> 
     </span>
     <span class='ocr_line' id='line_1_26' title="bbox 504 3062 1669 3138; baseline 0.002 -18"><span class='ocrx_word' id='word_1_255' title='bbox 504 3062 593 3137; x_wconf 80' lang='lat' dir='ltr'><strong>Cyrus</strong></span> <span class='ocrx_word' id='word_1_256' title='bbox 619 3064 700 3122; x_wconf 87' lang='lat' dir='ltr'><strong>ouius</strong></span> <span class='ocrx_word' id='word_1_257' title='bbox 722 3063 752 3121; x_wconf 93' lang='lat' dir='ltr'><strong>in</strong></span> <span class='ocrx_word' id='word_1_258' title='bbox 774 3064 913 3138; x_wconf 91' lang='lat' dir='ltr'><strong>principio</strong></span> <span class='ocrx_word' id='word_1_259' title='bbox 935 3066 1017 3138; x_wconf 79' lang='lat' dir='ltr'><strong>regni</strong></span> <span class='ocrx_word' id='word_1_260' title='bbox 1045 3083 1108 3125; x_wconf 90' lang='lat' dir='ltr'><strong>eum</strong></span> <span class='ocrx_word' id='word_1_261' title='bbox 1136 3066 1279 3124; x_wconf 81' lang='lat' dir='ltr'><strong>thesaurIs</strong></span> <span class='ocrx_word' id='word_1_262' title='bbox 1305 3066 1404 3124; x_wconf 90' lang='lat' dir='ltr'><strong>domus</strong></span> <span class='ocrx_word' id='word_1_263' title='bbox 1421 3065 1474 3123; x_wconf 86' lang='lat' dir='ltr'><strong>Ilei</strong></span> <span class='ocrx_word' id='word_1_264' title='bbox 1500 3080 1669 3124; x_wconf 82' lang='lat' dir='ltr'><strong>reuersuses</strong></span> 
     </span>
     <span class='ocr_line' id='line_1_27' title="bbox 504 3163 1633 3240; baseline 0.003 -18"><span class='ocrx_word' id='word_1_265' title='bbox 504 3167 549 3222; x_wconf 89' lang='lat' dir='ltr'><strong>est</strong></span> <span class='ocrx_word' id='word_1_266' title='bbox 564 3163 685 3236; x_wconf 75' lang='lat' dir='ltr'><strong>popualus</strong></span> <span class='ocrx_word' id='word_1_267' title='bbox 700 3165 869 3224; x_wconf 87' lang='lat' dir='ltr'><strong>Indaeorum</strong></span> <span class='ocrx_word' id='word_1_268' title='bbox 881 3167 912 3223; x_wconf 91' lang='lat' dir='ltr'><strong>in</strong></span> <span class='ocrx_word' id='word_1_269' title='bbox 926 3168 1006 3224; x_wconf 88' lang='lat' dir='ltr'><strong>terra</strong></span> <span class='ocrx_word' id='word_1_270' title='bbox 1020 3184 1083 3226; x_wconf 87' lang='lat' dir='ltr'><strong>sua.</strong></span> <span class='ocrx_word' id='word_1_271' title='bbox 1107 3185 1141 3225; x_wconf 85' lang='lat' dir='ltr'><strong>ex</strong></span> <span class='ocrx_word' id='word_1_272' title='bbox 1157 3184 1212 3240; x_wconf 89' lang='lat' dir='ltr'><strong>qno</strong></span> <span class='ocrx_word' id='word_1_273' title='bbox 1227 3170 1353 3239; x_wconf 87' lang='lat' dir='ltr'><strong>temporo</strong></span> <span class='ocrx_word' id='word_1_274' title='bbox 1367 3169 1480 3240; x_wconf 89' lang='lat' dir='ltr'><strong>oportet</strong></span> <span class='ocrx_word' id='word_1_275' title='bbox 1494 3185 1547 3226; x_wconf 92' lang='lat' dir='ltr'><strong>nos</strong></span> <span class='ocrx_word' id='word_1_276' title='bbox 1562 3169 1633 3225; x_wconf 87' lang='lat' dir='ltr'><strong>heb·</strong></span> 
     </span>
    </p>
   </div>
   <div class='ocr_carea' id='block_1_3' title="bbox 502 3480 1636 4405">
    <p class='ocr_par' dir='ltr' id='par_1_4' title="bbox 502 3480 1636 4405">
     <span class='ocr_line' id='line_1_28' title="bbox 573 3480 1599 3552; baseline 0.003 -20"><span class='ocrx_word' id='word_1_277' title='bbox 573 3480 765 3535; x_wconf 83' lang='lat' dir='ltr'><strong>lamiserato</strong></span> <span class='ocrx_word' id='word_1_278' title='bbox 887 3497 946 3535; x_wconf 89' lang='lat' dir='ltr'><strong>oum</strong></span> <span class='ocrx_word' id='word_1_279' title='bbox 965 3483 1004 3546; x_wconf 86' lang='lat' dir='ltr'><strong>bc,</strong></span> <span class='ocrx_word' id='word_1_280' title='bbox 1026 3482 1054 3535; x_wconf 92' lang='lat' dir='ltr'><strong>id</strong></span> <span class='ocrx_word' id='word_1_281' title='bbox 1077 3484 1114 3538; x_wconf 87' lang='lat' dir='ltr'><em>W</em></span> <span class='ocrx_word' id='word_1_282' title='bbox 1233 3482 1337 3537; x_wconf 81' lang='lat' dir='ltr'><strong>dixitb</strong></span> <span class='ocrx_word' id='word_1_283' title='bbox 1462 3483 1599 3552; x_wconf 68' lang='lat' dir='ltr'><strong>Vlegisc</strong></span> 
     </span>
     <span class='ocr_line' id='line_1_29' title="bbox 502 3563 1601 3634; baseline 0.005 -17"><span class='ocrx_word' id='word_1_284' title='bbox 502 3563 607 3634; x_wconf 74' lang='lat' dir='ltr'><strong>dideo]</strong></span> <span class='ocrx_word' id='word_1_285' title='bbox 625 3563 719 3620; x_wconf 87' lang='lat' dir='ltr'><strong>odioc</strong></span> <span class='ocrx_word' id='word_1_286' title='bbox 810 3566 901 3620; x_wconf 86' lang='lat' dir='ltr'><strong>solet</strong></span> <span class='ocrx_word' id='word_1_287' title='bbox 1000 3566 1176 3621; x_wconf 87' lang='lat' dir='ltr'><strong>subuenirsc</strong></span> <span class='ocrx_word' id='word_1_288' title='bbox 1272 3567 1601 3631; x_wconf 81' lang='lat' dir='ltr'><strong>4filiio,fl1iiflueioo</strong></span> 
     </span>
     <span class='ocr_line' id='line_1_30' title="bbox 504 3648 1602 3723; baseline 0.005 -21"><span class='ocrx_word' id='word_1_289' title='bbox 504 3649 522 3703; x_wconf 84' lang='lat'>5</span> <span class='ocrx_word' id='word_1_290' title='bbox 538 3648 758 3704; x_wconf 86' lang='lat' dir='ltr'><strong>subuerterentur</strong></span> <span class='ocrx_word' id='word_1_291' title='bbox 775 3667 790 3706; x_wconf 87' lang='lat' dir='ltr'><strong>c</strong></span> <span class='ocrx_word' id='word_1_292' title='bbox 892 3651 909 3704; x_wconf 86' lang='grc'>6</span> <span class='ocrx_word' id='word_1_293' title='bbox 926 3653 991 3705; x_wconf 89' lang='lat' dir='ltr'><strong>tnnc</strong></span> <span class='ocrx_word' id='word_1_294' title='bbox 1010 3667 1061 3706; x_wconf 82' lang='lat' dir='ltr'><strong>one.</strong></span> <span class='ocrx_word' id='word_1_295' title='bbox 1080 3669 1095 3706; x_wconf 87' lang='lat' dir='ltr'><strong>c</strong></span> <span class='ocrx_word' id='word_1_296' title='bbox 1198 3654 1215 3706; x_wconf 82' lang='lat'><strong>9</strong></span> <span class='ocrx_word' id='word_1_297' title='bbox 1232 3651 1412 3708; x_wconf 84' lang='lat' dir='ltr'><strong>slmilitudino</strong></span> <span class='ocrx_word' id='word_1_298' title='bbox 1428 3655 1453 3722; x_wconf 82' lang='lat' dir='ltr'><strong>b,</strong></span> <span class='ocrx_word' id='word_1_299' title='bbox 1472 3654 1552 3723; x_wconf 77' lang='lat' dir='ltr'><strong>signo</strong></span> <span class='ocrx_word' id='word_1_300' title='bbox 1570 3669 1602 3707; x_wconf 87' lang='lat' dir='ltr'><strong>co</strong></span> 
     </span>
     <span class='ocr_line' id='line_1_31' title="bbox 506 3734 1633 3803; baseline 0.003 -15"><span class='ocrx_word' id='word_1_301' title='bbox 506 3734 539 3787; x_wconf 92' lang='lat'><strong>10</strong></span> <span class='ocrx_word' id='word_1_302' title='bbox 556 3735 728 3803; x_wconf 86' lang='lat' dir='ltr'><strong>deputaretur</strong></span> <span class='ocrx_word' id='word_1_303' title='bbox 748 3736 774 3790; x_wconf 86' lang='lat' dir='ltr'><strong>ci</strong></span> <span class='ocrx_word' id='word_1_304' title='bbox 793 3736 903 3789; x_wconf 81' lang='lat' dir='ltr'><strong>iustItia</strong></span> <span class='ocrx_word' id='word_1_305' title='bbox 920 3737 937 3790; x_wconf 87' lang='lat' dir='ltr'><strong>b</strong></span> <span class='ocrx_word' id='word_1_306' title='bbox 1076 3739 1110 3791; x_wconf 82' lang='lat'><strong>12</strong></span> <span class='ocrx_word' id='word_1_307' title='bbox 1128 3738 1235 3792; x_wconf 75' lang='lat' dir='ltr'><strong>medens</strong></span> <span class='ocrx_word' id='word_1_308' title='bbox 1253 3754 1268 3792; x_wconf 87' lang='lat' dir='ltr'><strong>c</strong></span> <span class='ocrx_word' id='word_1_309' title='bbox 1407 3739 1440 3792; x_wconf 86' lang='lat'><strong>14</strong></span> <span class='ocrx_word' id='word_1_310' title='bbox 1457 3755 1527 3793; x_wconf 89' lang='lat' dir='ltr'><strong>unus</strong></span> <span class='ocrx_word' id='word_1_311' title='bbox 1544 3739 1569 3800; x_wconf 84' lang='lat' dir='ltr'><strong>t,</strong></span> <span class='ocrx_word' id='word_1_312' title='bbox 1586 3753 1633 3791; x_wconf 85' lang='lat' dir='ltr'><strong>err-</strong></span> 
     </span>
     <span class='ocr_line' id='line_1_32' title="bbox 505 3821 1602 3895; baseline 0.003 -20"><span class='ocrx_word' id='word_1_313' title='bbox 505 3837 555 3875; x_wconf 88' lang='lat' dir='ltr'><strong>nns</strong></span> <span class='ocrx_word' id='word_1_314' title='bbox 572 3837 603 3876; x_wconf 87' lang='lat' dir='ltr'><strong>co</strong></span> <span class='ocrx_word' id='word_1_315' title='bbox 724 3821 924 3892; x_wconf 85' lang='lat' dir='ltr'><strong>immaculatus]</strong></span> <span class='ocrx_word' id='word_1_316' title='bbox 943 3822 1128 3879; x_wconf 83' lang='lat' dir='ltr'><strong>inmolatusc</strong></span> <span class='ocrx_word' id='word_1_317' title='bbox 1248 3825 1283 3885; x_wconf 84' lang='lat'><strong>15</strong></span> <span class='ocrx_word' id='word_1_318' title='bbox 1300 3825 1386 3894; x_wconf 78' lang='lat' dir='ltr'><strong>igItur</strong></span> <span class='ocrx_word' id='word_1_319' title='bbox 1404 3825 1446 3894; x_wconf 91' lang='lat' dir='ltr'><strong>do]</strong></span> <span class='ocrx_word' id='word_1_320' title='bbox 1465 3825 1602 3895; x_wconf 83' lang='lat' dir='ltr'><strong>legiturt</strong></span> 
     </span>
     <span class='ocr_line' id='line_1_33' title="bbox 504 3907 1602 3978; baseline 0.004 -18"><span class='ocrx_word' id='word_1_321' title='bbox 504 3910 532 3960; x_wconf 82' lang='lat' dir='ltr'><strong>et</strong></span> <span class='ocrx_word' id='word_1_322' title='bbox 550 3908 603 3976; x_wconf 83' lang='lat' dir='ltr'><strong>ser]</strong></span> <span class='ocrx_word' id='word_1_323' title='bbox 623 3907 694 3961; x_wconf 87' lang='lat' dir='ltr'><strong>Vlb</strong></span> <span class='ocrx_word' id='word_1_324' title='bbox 780 3908 813 3961; x_wconf 87' lang='lat'><strong>16</strong></span> <span class='ocrx_word' id='word_1_325' title='bbox 832 3908 950 3962; x_wconf 83' lang='lat' dir='ltr'><strong>ultamc</strong></span> <span class='ocrx_word' id='word_1_326' title='bbox 1038 3910 1071 3962; x_wconf 80' lang='lat'><strong>18</strong></span> <span class='ocrx_word' id='word_1_327' title='bbox 1090 3911 1188 3965; x_wconf 85' lang='lat' dir='ltr'><strong>annio</strong></span> <span class='ocrx_word' id='word_1_328' title='bbox 1268 3913 1302 3967; x_wconf 87' lang='lat'><strong>19</strong></span> <span class='ocrx_word' id='word_1_329' title='bbox 1320 3910 1359 3964; x_wconf 83' lang='lat' dir='ltr'><strong>XI</strong></span> <span class='ocrx_word' id='word_1_330' title='bbox 1377 3909 1504 3978; x_wconf 87' lang='lat' dir='ltr'><strong>sedeciae]</strong></span> <span class='ocrx_word' id='word_1_331' title='bbox 1522 3909 1602 3964; x_wconf 87' lang='lat' dir='ltr'><strong>XLc</strong></span> 
     </span>
     <span class='ocr_line' id='line_1_34' title="bbox 504 3991 1636 4065; baseline 0.003 -20"><span class='ocrx_word' id='word_1_332' title='bbox 504 3991 540 4045; x_wconf 86' lang='grc'><strong>20</strong></span> <span class='ocrx_word' id='word_1_333' title='bbox 556 3991 618 4061; x_wconf 90' lang='lat' dir='ltr'><strong>quo]</strong></span> <span class='ocrx_word' id='word_1_334' title='bbox 637 3991 684 4059; x_wconf 85' lang='lat' dir='ltr'><strong>qui</strong></span> <span class='ocrx_word' id='word_1_335' title='bbox 702 4007 717 4044; x_wconf 91' lang='lat' dir='ltr'><strong>c</strong></span> <span class='ocrx_word' id='word_1_336' title='bbox 796 3992 967 4061; x_wconf 81' lang='lat' dir='ltr'><strong>hyerosalern</strong></span> <span class='ocrx_word' id='word_1_337' title='bbox 984 3994 1000 4048; x_wconf 89' lang='lat' dir='ltr'><strong>b</strong></span> <span class='ocrx_word' id='word_1_338' title='bbox 1018 3999 1044 4047; x_wconf 81' lang='lat' dir='ltr'><strong>ct</strong></span> <span class='ocrx_word' id='word_1_339' title='bbox 1061 3994 1101 4048; x_wconf 85' lang='lat' dir='ltr'><strong>sic</strong></span> <span class='ocrx_word' id='word_1_340' title='bbox 1113 4011 1195 4064; x_wconf 84' lang='lat' dir='ltr'><strong>saepe</strong></span> <span class='ocrx_word' id='word_1_341' title='bbox 1269 3997 1302 4050; x_wconf 90' lang='grc'><strong>21</strong></span> <span class='ocrx_word' id='word_1_342' title='bbox 1321 3995 1452 4065; x_wconf 84' lang='lat' dir='ltr'><strong>Sedecias]</strong></span> <span class='ocrx_word' id='word_1_343' title='bbox 1472 4000 1503 4049; x_wconf 89' lang='lat' dir='ltr'><strong>ut</strong></span> <span class='ocrx_word' id='word_1_344' title='bbox 1520 3996 1636 4048; x_wconf 79' lang='lat' dir='ltr'><strong>distmne</strong></span> 
     </span>
     <span class='ocr_line' id='line_1_35' title="bbox 505 4075 1603 4152; baseline 0.004 -22"><span class='ocrx_word' id='word_1_345' title='bbox 505 4075 569 4130; x_wconf 74' lang='lat' dir='ltr'><strong>aaa.</strong></span> <span class='ocrx_word' id='word_1_346' title='bbox 589 4092 620 4130; x_wconf 86' lang='lat' dir='ltr'><strong>co</strong></span> <span class='ocrx_word' id='word_1_347' title='bbox 702 4079 870 4148; x_wconf 90' lang='lat' dir='ltr'><strong>postquem]</strong></span> <span class='ocrx_word' id='word_1_348' title='bbox 890 4077 1046 4148; x_wconf 82' lang='lat' dir='ltr'><strong>cuiuspost</strong></span> <span class='ocrx_word' id='word_1_349' title='bbox 1064 4083 1177 4134; x_wconf 89' lang='lat' dir='ltr'><strong>mortem</strong></span> <span class='ocrx_word' id='word_1_350' title='bbox 1194 4083 1369 4152; x_wconf 87' lang='lat' dir='ltr'><strong>postquamc</strong></span> <span class='ocrx_word' id='word_1_351' title='bbox 1451 4080 1487 4134; x_wconf 89' lang='grc'><strong>22</strong></span> <span class='ocrx_word' id='word_1_352' title='bbox 1505 4081 1603 4134; x_wconf 84' lang='lat' dir='ltr'><strong>enrric</strong></span> 
     </span>
     <span class='ocr_line' id='line_1_36' title="bbox 506 4161 1603 4235; baseline 0.004 -20"><span class='ocrx_word' id='word_1_353' title='bbox 506 4161 578 4216; x_wconf 86' lang='lat' dir='ltr'><strong>uitae</strong></span> <span class='ocrx_word' id='word_1_354' title='bbox 596 4161 755 4218; x_wconf 83' lang='lat' dir='ltr'><strong>Marodatb</strong></span> <span class='ocrx_word' id='word_1_355' title='bbox 841 4163 999 4234; x_wconf 85' lang='lat' dir='ltr'>XII]le</span> <span class='ocrx_word' id='word_1_356' title='bbox 1084 4165 1241 4222; x_wconf 83' lang='lat' dir='ltr'><strong>baldasarc</strong></span> <span class='ocrx_word' id='word_1_357' title='bbox 1333 4166 1367 4220; x_wconf 82' lang='grc'><strong>23</strong></span> <span class='ocrx_word' id='word_1_358' title='bbox 1385 4165 1452 4235; x_wconf 85' lang='lat' dir='ltr'><strong>cyri]</strong></span> <span class='ocrx_word' id='word_1_359' title='bbox 1470 4166 1603 4220; x_wconf 87' lang='lat' dir='ltr'><strong>asiriaeb</strong></span> 
     </span>
     <span class='ocr_line' id='line_1_37' title="bbox 505 4248 1603 4320; baseline 0.005 -21"><span class='ocrx_word' id='word_1_360' title='bbox 505 4249 570 4300; x_wconf 88' lang='lat' dir='ltr'><strong>sunt</strong></span> <span class='ocrx_word' id='word_1_361' title='bbox 586 4248 611 4314; x_wconf 87' lang='lat' dir='ltr'><strong>b,</strong></span> <span class='ocrx_word' id='word_1_362' title='bbox 633 4248 704 4302; x_wconf 87' lang='lat' dir='ltr'><strong>fiunt</strong></span> <span class='ocrx_word' id='word_1_363' title='bbox 721 4264 753 4304; x_wconf 86' lang='lat' dir='ltr'><strong>cv</strong></span> <span class='ocrx_word' id='word_1_364' title='bbox 952 4250 988 4303; x_wconf 80' lang='grc'><strong>24</strong></span> <span class='ocrx_word' id='word_1_365' title='bbox 1005 4250 1121 4320; x_wconf 87' lang='lat' dir='ltr'><strong>suscipit</strong></span> <span class='ocrx_word' id='word_1_366' title='bbox 1138 4267 1152 4306; x_wconf 84' lang='lat' dir='ltr'><strong>c</strong></span> <span class='ocrx_word' id='word_1_367' title='bbox 1349 4251 1384 4304; x_wconf 89' lang='grc'><strong>25</strong></span> <span class='ocrx_word' id='word_1_368' title='bbox 1401 4250 1494 4304; x_wconf 87' lang='lat' dir='ltr'><strong>domus</strong></span> <span class='ocrx_word' id='word_1_369' title='bbox 1517 4269 1568 4304; x_wconf 74' lang='lat' dir='ltr'><strong>osu.</strong></span> <span class='ocrx_word' id='word_1_370' title='bbox 1587 4253 1603 4304; x_wconf 82' lang='lat' dir='ltr'><strong>d</strong></span> 
     </span>
     <span class='ocr_line' id='line_1_38' title="bbox 505 4333 1179 4405; baseline 0.009 -20"><span class='ocrx_word' id='word_1_371' title='bbox 505 4333 539 4386; x_wconf 77' lang='grc'><strong>26</strong></span> <span class='ocrx_word' id='word_1_372' title='bbox 556 4333 710 4387; x_wconf 88' lang='lat' dir='ltr'><strong>iudaeorum</strong></span> <span class='ocrx_word' id='word_1_373' title='bbox 728 4350 779 4388; x_wconf 76' lang='lat' dir='ltr'><strong>orn.</strong></span> <span class='ocrx_word' id='word_1_374' title='bbox 798 4335 815 4388; x_wconf 82' lang='lat' dir='ltr'><strong>b</strong></span> <span class='ocrx_word' id='word_1_375' title='bbox 919 4336 980 4405; x_wconf 90' lang='lat' dir='ltr'><strong>quo]</strong></span> <span class='ocrx_word' id='word_1_376' title='bbox 999 4337 1058 4404; x_wconf 79' lang='lat' dir='ltr'><strong>Ipso</strong></span> <span class='ocrx_word' id='word_1_377' title='bbox 1076 4339 1179 4391; x_wconf 90' lang='lat' dir='ltr'><strong>enimc</strong></span> 
     </span>
    </p>
   </div>
   <div class='ocr_carea' id='block_1_4' title="bbox 0 0 2020 5066">
    <p class='ocr_par' dir='ltr' id='par_1_5' title="bbox 0 0 2020 5066">
     <span class='ocr_line' id='line_1_39' title="bbox 0 0 2020 5066; baseline 0 0"><span class='ocrx_word' id='word_1_378' title='bbox 0 0 2020 5066; x_wconf 95' lang='lat' dir='ltr'><strong> </strong></span> 
     </span>
    </p>
   </div>
  </div>
 </body>
</html>
