4012 5066
403 416 446 480 80
878 413 1061 484 Appendir.

404 570 478 643 quod
501 570 582 629 nulla
603 569 662 628 alia
683 571 793 633 ratione
815 573 905 632 uitam
920 577 1064 632 aeternam
1085 571 1131 630 his
1152 571 1351 644 praestaturus
1373 570 1459 640 esset,
1483 567 1540 627 nisi

404 671 528 744 primum
556 671 618 745 ipse
645 671 736 732 uitam
767 678 843 733 hanc
864 674 1051 747 temporalem
1074 689 1137 732 cnm
1159 670 1211 731 illa
1231 672 1349 730 aetem
1370 669 1400 728 iu
1423 684 1454 728 se
1476 669 1539 744 ipso

404 772 609 833 continuasset.
633 773 754 848 donique
777 792 841 836 curu
858 777 1094 836 conuersarentur
1109 773 1140 833 in
1154 771 1282 832 Galilaea
1296 770 1370 831 uixit
1384 769 1427 830 eis
1441 771 1538 830 Iesus:

402 873 541 946 incipit
577 873 690 935 filius
726 875 887 936 hominis
923 876 1025 936 tradi
1057 875 1094 934 iu
1126 891 1252 934 munus
1287 872 1471 934 homiuum
1503 874 1539 931 ot

405 973 642 1036 interficient
664 993 751 1050 eum,
774 979 914 1052 etpost
936 977 1096 1037 triduum
1117 977 1297 1050 resurget
1326 975 1356 1034 et
1377 972 1561 1036 contristetis

404 1080 472 1136 suut
487 1077 582 1149 nimis,
600 1077 678 1150 quia,
692 1078 778 1138 sicuti
791 1078 923 1152 diximus,
939 1079 1023 1154 longe
1036 1079 1180 1138 diuersum
1194 1076 1276 1151 prius
1285 1075 1389 1135 animis
1401 1091 1435 1135 ac
1445 1079 1546 1136 ruente.

406 1180 603 1251 conceperant.
627 1178 751 1253 denique
772 1180 820 1240 hir
840 1180 898 1240 luit
912 1182 998 1241 otiam
1014 1181 1183 1240 ludaeorum
1198 1193 1290 1238 sermo
1305 1175 1541 1238 contradictionis

405 1281 544 1340 aduersus
558 1296 634 1352 eum,
657 1299 721 1342 cum
735 1299 766 1342 so
781 1262 843 1356 ipse
858 1281 974 1357 quidem
989 1283 1103 1341 doceret
1122 1297 1172 1342 eos
1186 1284 1216 1342 et
1230 1279 1329 1339 futura
1343 1279 1539 1354 annuntiaret,

405 1379 449 1438 illi
475 1382 572 1440 autem
597 1379 746 1442 dicerent:
776 1399 845 1442 nos
875 1383 1081 1443 audiuimus
1102 1381 1222 1456 alege
1253 1380 1339 1455 quia
1367 1379 1540 1440 Christus

406 1481 524 1540 menet
545 1481 580 1540 in
603 1485 806 1544 aeteruum:
837 1487 873 1544 et
894 1485 1066 1558 quomodo
1089 1487 1127 1542 tu
1149 1483 1245 1544 dicis
1266 1483 1352 1559 quia
1375 1481 1575 1543 exaltariro

404 1585 553 1656 oportet
574 1582 697 1643 filium
719 1585 901 1647 hominis?
923 1587 1022 1660 itaque
1045 1586 1102 1645 init
1123 1584 1327 1660 discipulorum
1349 1586 1449 1645 eedem
1469 1586 1541 1645 haec

404 1684 599 1758 praesumptio
622 1685 656 1744 de
679 1685 803 1758 Christo,
829 1689 1033 1762 prorumpente
1053 1688 1083 1746 iu
1105 1689 1192 1747 istum
1208 1703 1366 1747 sermonem
1381 1685 1539 1746 incrudeli-

405 1786 476 1845 tatis
498 1803 566 1845 suae
582 1785 668 1845 Petro
683 1787 745 1861 ipso
761 1788 831 1848 duce
845 1806 880 1848 ac
897 1788 1025 1862 principe
1051 1788 1251 1862 apostolorum.
1277 1805 1341 1847 curn
1356 1787 1433 1846 enirn
1448 1805 1466 1845 a
1481 1786 1539 1846 Do·

405 1887 482 1948 mino
498 1887 583 1947 simul
599 1904 662 1947 cum
686 1889 790 1948 ceteris
805 1888 910 1950 fuisset
924 1889 1118 1964 iuterrogatus
1132 1889 1267 1963 quidnam
1280 1887 1402 1948 mutiret
1416 1889 1451 1948 de
1466 1887 1538 1962 ipso,

405 1990 435 2048 id
449 1992 495 2049 est
508 2007 593 2061 quem
611 2005 673 2050 csse
689 2005 753 2050 oum
770 1990 955 2064 existimaret,
971 1994 1002 2051 et
1012 1992 1102 2064 primo
1114 1993 1265 2051 ueritatem
1278 1991 1425 2052 coufessus
1436 1989 1574 2050 inissetis

407 2091 504 2150 dicens
519 2106 582 2150 esse
598 2107 661 2150 enm
677 2090 824 2151 Christum
844 2093 936 2152 filium
956 2091 1010 2152 Dei
1029 2093 1090 2152 uiui
1111 2095 1142 2151 et
1155 2095 1306 2167 propiores
1320 2093 1423 2150 beatus
1438 2092 1475 2150 ab
1489 2089 1540 2150 illo

406 2191 549 2252 indicatus
565 2195 652 2264 esset,
669 2192 745 2265 quod
760 2194 814 2253 hoc
828 2211 886 2253 nou
902 2193 1056 2254 carnaliter
1069 2195 1120 2254 sed
1139 2193 1296 2268 perpetuis
1311 2193 1445 2254 caelestis
1459 2207 1541 2252 reuo-

403 2293 539 2352 lutiouem
565 2293 719 2352 moecatus
740 2297 826 2365 esset,
853 2295 929 2355 idem
952 2299 1056 2367 tamen,
1083 2295 1133 2354 ubi
1158 2294 1251 2369 coepit
1281 2295 1362 2354 Iesuus
1390 2295 1540 2354 ostendero

404 2394 554 2468 discipulis
578 2393 639 2454 suis
662 2395 732 2469 quie
753 2397 898 2468 oporteret
920 2411 984 2454 eum
999 2395 1225 2470 Hierosolymam
1239 2395 1281 2454 ire
1296 2396 1327 2454 et
1340 2395 1433 2454 multa
1447 2394 1508 2468 pati
1523 2411 1541 2452 a

407 2495 567 2554 senioribus
588 2497 619 2553 et
632 2495 832 2556 sacerdotibus
854 2497 884 2554 et
898 2495 1002 2555 scribis
1017 2498 1047 2554 et
1069 2496 1191 2556 interfici
1207 2498 1236 2556 et
1251 2499 1317 2568 poet
1331 2495 1405 2555 diem
1421 2495 1539 2553 tertium
1549 2515 1577 2555 eo·

405 2612 564 2669 resurgere,
581 2595 770 2655 nihilominus
785 2595 835 2654 ille
850 2611 937 2654 uerus
952 2596 1060 2655 Christi
1080 2596 1224 2657 confessor
1244 2599 1312 2670 post
1325 2595 1462 2669 pauculos
1479 2594 1540 2654 dies

406 2699 552 2770 assumpto
575 2712 608 2756 eo
631 2697 726 2771 coepit
755 2696 837 2756 illurn
867 2696 1010 2771 corripere
1032 2697 1145 2758 dicens:
1175 2697 1363 2772 propitius
1384 2697 1436 2756 sit
1458 2696 1539 2770 tibi,

404 2816 473 2860 non
495 2799 569 2859 crit
589 2797 701 2869 istud,
724 2797 767 2858 ita
790 2802 825 2857 ut
850 2802 1003 2872 propterea
1027 2799 1125 2858 audire
1145 2799 1299 2859 uDomirro
1320 2797 1537 2860 commeruerit:

403 2901 494 2960 uado
516 2901 599 2974 post
622 2915 672 2958 me
700 2901 869 2970 satanas,
900 2899 1111 2960 scandalum
1133 2900 1225 2960 milri
1247 2917 1302 2976 ea,
1331 2901 1368 2961 ob
1389 2901 1444 2961 hoc
1466 2901 1541 2974 quod

404 3019 459 3061 uon
476 3001 590 3074 superet
605 3017 639 3060 oa
652 3015 726 3073 quae
741 3002 810 3058 suut
823 2998 878 3060 llei
893 3001 945 3058 sed
960 3017 994 3060 oa
1007 3017 1080 3074 queo
1095 3004 1163 3060 sunt
1178 3002 1332 3062 hominum.
1354 3019 1427 3076 quse
1441 3001 1536 3063 incre·
1548 3030 1573 3071 25

404 3102 482 3176 patio
508 3103 646 3163 mucrene
666 3103 784 3162 Petrum
812 3101 904 3177 magis
926 3103 1074 3179 magisque
1097 3102 1188 3164 eluxit
1212 3105 1389 3178 adprehenso
1404 3103 1539 3177 Domino,

404 3203 870 3264 cumamuliercuincouterritus
892 3204 1014 3264 diceret:
1037 3205 1161 3266 nescio
1184 3205 1270 3280 quid
1293 3205 1403 3276 dicas,
1424 3222 1540 3280 neque

402 3305 489 3366 noui
511 3307 563 3377 tu,
586 3308 616 3366 et
636 3305 744 3366 iterum
766 3323 830 3365 cum
853 3309 908 3367 hoo
929 3307 1005 3365 lolem
1026 3307 1133 3368 diceret
1154 3307 1283 3368 adluibito
1306 3307 1488 3366 iureiurando
1511 3310 1541 3367 ot

403 3407 490 3468 tertio
513 3406 653 3469 denotans
669 3410 699 3468 et
713 3407 812 3468 iurans
834 3408 998 3468 adfirmaret
1018 3409 1151 3483 quonium
1166 3427 1222 3469 nou
1237 3413 1337 3470 nosset
1350 3408 1494 3469 homiuem
1509 3411 1540 3468 et

314 3585 316 3590 Ι
403 3524 460 3568 ιιοιι
476 3510 565 3570 semel
581 3510 632 3569 sed
646 3510 762 3585 saepius
776 3528 839 3572 eum
856 3514 1002 3584 negasset,
1018 3512 1093 3584 qnod
1104 3511 1254 3571 consilium
1265 3511 1292 3571 ei
1304 3511 1438 3585 quoniam
1450 3527 1539 3586 usqne
1549 3537 1576 3576 ro

408 3612 444 3671 col
470 3611 632 3684 passionom
658 3610 775 3672 Domini
801 3616 1049 3687 perseueratumm
1074 3615 1137 3672 erat
1160 3612 1252 3672 multo
1277 3614 1358 3687 prius
1379 3631 1397 3672 a
1417 3612 1539 3672 Domino

403 3713 499 3787 palam
525 3713 634 3774 facturn
661 3716 716 3786 est,
743 3716 777 3773 ut
805 3731 857 3775 uos
881 3731 991 3788 quoque
1007 3713 1037 3772 iri
1061 3732 1117 3774 uon
1132 3714 1304 3789 ignoremus.
1327 3714 1449 3788 deniqne
1475 3716 1541 3788 post

471 3909 604 3965 suone.
627 3911 653 3974 9,
670 3911 715 3966 30.
866 3911 883 3964 9
901 3911 939 3965 Ic.
959 3911 1001 3978 12,
1019 3911 1063 3969 34.
1214 3913 1249 3966 22
1267 3911 1366 3966 uatem
1386 3913 1430 3976 16,
1448 3911 1482 3964 16
1500 3927 1540 3980 sq.

401 3997 435 4050 27
454 3996 556 4051 Matth.
574 3995 618 4061 26,
635 3996 670 4050 70
687 4012 725 4065 sq.

473 4191 572 4261 6quia
585 4231 593 4246 .
607 4230 614 4245 .
628 4230 634 4246 .
648 4192 746 4247 animis
764 4207 814 4249 orn.
833 4191 897 4263 Rip.
1010 4193 1044 4248 19
1061 4195 1167 4262 oportet
1184 4194 1263 4248 illum
1281 4193 1343 4264 Rip.
1448 4189 1482 4244 23
1499 4189 1538 4244 ita

407 4291 458 4332 cm.
478 4276 540 4348 Rip.
645 4279 680 4333 28
697 4276 769 4332 idem
786 4293 837 4333 coe.
856 4279 918 4350 Rip.
