4014 5056
444 403 493 454 LX

443 541 517 608 unte
531 541 699 608 lilrssmum
719 543 854 610 edidisse
874 541 958 610 intre
977 541 1118 611 nurrebe.
1140 561 1177 609 er
1190 543 1411 612 Deuentrieusi
1424 545 1574 612 Erasmus

442 651 584 718 insnum
603 651 721 736 recepit
736 651 953 718 emendatione
968 652 1132 720 mcedeute
1146 653 1211 719 lere
1223 653 1321 720 nulle.
1336 655 1575 738 necquicquam

443 761 478 828 in
492 761 683 846 corrigendis
704 761 828 828 mendis
849 761 965 846 reliqui
986 761 1220 846 praestitemnt
1248 764 1324 830 suut
1345 763 1429 830 enim
1452 765 1574 832 codices

443 872 511 938 eius
524 871 688 938 rarissimi.
710 873 834 956 prester
847 859 1103 940 uetustissimum
1116 872 1305 940 Vomienum
1319 874 1376 940 let
1390 875 1436 941 40
1448 893 1528 942 suec.
1543 875 1574 940 X

443 981 503 1068 (K)
509 981 552 1069 ¹⁸),
567 1000 660 1066 quem
675 981 725 1048 nir
738 982 973 1050 illustrissimus
987 985 1040 1050 Du
1053 983 1134 1050 Rieu
1147 1002 1210 1068 que
1223 985 1270 1050 est
1284 984 1416 1071 insignis
1431 984 1574 1052 liberuli-

441 1093 508 1160 tute
528 1091 739 1160 vindobonam
760 1093 860 1174 misit,
881 1091 1091 1160 Perisiensem
1106 1093 1157 1179 (Ζ)
1180 1094 1269 1161 cuins
1288 1096 1413 1178 saepius
1427 1095 1574 1164 deuoteui

441 1204 712 1286 interpolationem
731 1203 873 1270 edhibni.
894 1205 997 1271 emtet
1017 1223 1091 1271 uero
1105 1203 1230 1284 tertius,
1251 1204 1421 1272 Vossianus
1436 1206 1493 1274 lut
1511 1207 1574 1273 108

442 1333 519 1383 secu
540 1314 632 1395 XIH,
657 1315 746 1399 isque
768 1314 831 1382 luit
852 1313 984 1382 sorusse
1005 1317 1087 1382 unde
1110 1315 1205 1381 editio
1227 1316 1369 1400 princeps
1390 1317 1491 1400 petite
1515 1318 1572 1384 cst

441 1426 525 1490 certe
536 1424 612 1506 quin
624 1441 660 1489 es
670 1442 707 1489 er
717 1423 822 1489 codice
829 1423 981 1490 Vossiuuo
995 1443 1092 1508 quum
1104 1423 1275 1491 Purisiensi
1289 1425 1435 1492 similiori
1448 1425 1576 1492 fluxerit

441 1536 567 1618 propter
581 1534 763 1600 lecunurum
777 1533 901 1616 eliquot
915 1535 1165 1616 mendommqus
1176 1535 1425 1602 communionem
1436 1535 1575 1602 debituri
1630 1617 1633 1623 Ι

441 1645 558 1728 nequit.
588 1645 744 1727 quondum
773 1644 961 1710 exstitemnt
989 1645 1169 1728 conplures:
1199 1663 1236 1711 ex
1262 1644 1367 1712 codice
1394 1645 1513 1731 insigni
1540 1648 1574 1713 et

443 1755 569 1821 uetusto
584 1753 768 1820 Canthusim
782 1753 976 1821 coloniensis
989 1753 1126 1822 Grauius
1146 1755 1315 1837 scripturus
1336 1755 1487 1838 qumdnm
1500 1774 1574 1839 pro·

442 1865 528 1942 tulit,
563 1864 683 1930 codices
710 1863 863 1931 Lndouiui
892 1863 1049 1932 terrionis
1078 1866 1111 1931 et
1139 1865 1170 1931 S.
1200 1866 1400 1932 Puntcleouis
1428 1863 1573 1932 Coloniue

441 1973 603 2040 Pumelins
616 1973 736 2041 nudet.
753 2011 793 2024 —
809 1973 860 2040 111
875 1978 942 2043 De
957 1979 1085 2044 laude
1099 1979 1318 2060 mae-emes.
1332 1977 1415 2044 hunc
1428 1975 1575 2042 libellum
1654 2009 1656 2014 ·

443 2082 593 2169 Cypriani
608 2086 712 2153 estete
726 2087 938 2171 couscriptum
952 2090 1088 2156 editores
1102 2091 1144 2155 sd
1158 2089 1429 2173 corruptissimum
1442 2087 1574 2154 ulterius

443 2192 582 2260 iemiliue
606 2197 763 2279 exemplar
783 2198 952 2282 exegemnt
966 2198 1019 2264 uel
1033 2199 1139 2282 potius
1153 2216 1225 2264 cnm
1238 2199 1388 2264 Erasmus
1402 2195 1523 2279 primns
1538 2211 1575 2259 ex

443 2305 549 2372 codice
564 2305 631 2372 eius
646 2307 770 2391 generis
782 2306 1001 2374 Gemblecsnsi
1018 2307 1176 2388 edidisset,
1190 2307 1424 2374 inemendatum
1437 2305 1575 2387 relique-

442 2414 526 2480 runt.
553 2417 676 2498 prester
701 2416 821 2482 codices
842 2417 943 2498 MQT,
970 2435 1104 2500 quorum
1130 2417 1357 2501 compunctione
1379 2416 1420 2482 ed
1443 2415 1574 2481 ulterim

443 2524 583 2592 familise
597 2525 800 2610 archetypum
815 2528 1064 2611 cognoscendum
1077 2528 1266 2610 peruenitur,
1292 2527 1383 2593 libris
1398 2525 1481 2592 LNP
1497 2544 1573 2592 usus

445 2654 526 2715 sum,
549 2653 627 2717 qnos
640 2635 675 2700 in
689 2654 788 2701 nuum
810 2636 948 2703 codicem
962 2637 1124 2720 pereutem
1139 2655 1324 2721 connergere
1338 2654 1432 2719 supre
1446 2635 1576 2702 demon·

445 2746 581 2811 stratum
595 2747 658 2822 est;
674 2743 763 2810 cuius
778 2745 972 2829 praestantis
985 2747 1103 2828 quante
1112 2746 1157 2812 sit
1166 2764 1319 2827 nusquam
1333 2743 1447 2810 melius
1462 2760 1576 2829 cogno-

444 2855 553 2922 scitur.
581 2873 652 2920 snm
667 2873 740 2922 uero
754 2854 955 2942 Seguieriom
971 2855 1021 2942 (S)
1038 2854 1148 2936 cedere
1157 2874 1215 2940 pur
1229 2855 1295 2920 eret
1308 2854 1342 2920 in
1357 2853 1457 2920 eltere
1471 2852 1574 2918 libelli

443 2968 533 3050 perte
547 2966 619 3031 iude
634 2985 653 3030 u
667 2965 771 3030 uerbis
785 2983 824 3030 eo
837 2965 970 3047 sufferre
985 2968 1039 3048 (=
1055 2963 1137 3048 App.
1153 2966 1240 3046 39‚3)
1255 2965 1289 3028 iu
1303 2979 1338 3028 co
1353 2963 1501 3029 emeno.
1524 2962 1575 3029 his

442 3075 607 3160 praesidiis
617 3076 651 3140 in
661 3075 720 3141 hec
734 3075 861 3162 demum
875 3075 1053 3143 recensione
1066 3075 1224 3158 permulto
1235 3093 1314 3158 ques
1324 3074 1417 3141 untes
1429 3073 1574 3158 intellegi

443 3203 505 3251 non
518 3185 663 3269 poterunt
675 3185 792 3251 rectius
807 3184 981 3251 constituto
995 3186 1078 3266 sunt,
1095 3184 1185 3270 plurs
1199 3186 1320 3252 restent
1331 3184 1576 3252 edhuu'obscurs

444 3300 477 3363 et
491 3297 664 3362 restabunt.
681 3315 756 3361 nem
772 3297 880 3362 utrum
896 3315 933 3362 eu
947 3297 1088 3362 contorto
1103 3313 1214 3381 genere
1229 3295 1352 3362 dicendi
1367 3313 1427 3378 qno
1442 3295 1577 3379 scriptor

443 3407 547 3473 utitur
571 3406 753 3489 explicando
776 3406 842 3472 sint
863 3425 903 3473 uu
925 3406 1124 3472 libreriomm
1152 3406 1307 3472 erroribus
1330 3405 1501 3472 debeantur
1523 3402 1577 3468 uix

443 3519 547 3603 potest
565 3519 698 3585 decerni.
718 3557 763 3568 —
775 3518 824 3585 IV
838 3521 908 3586 Aa
921 3520 1229 3585 chacsumcm.
1247 3518 1330 3583 huno
1350 3516 1521 3582 tructmnm
1536 3513 1575 3579 sb

444 3628 587 3712 episcopo
613 3647 685 3694 cnm
711 3627 864 3713 Cypriuno
890 3630 1041 3696 ednersus
1067 3627 1261 3712 Stephsnum
1286 3625 1342 3711 (cl.
1364 3625 1404 3691 A.
1425 3623 1516 3710 55‚4)
1543 3624 1577 3689 et

443 3737 633 3805 Felicissimi
652 3739 789 3805 schisma
808 3737 864 3823 (ci.
879 3739 919 3805 A.
936 3737 1048 3826 64‚12)
1069 3739 1174 3806 stente
1196 3738 1303 3823 peullo
1315 3737 1388 3821 post
1401 3735 1570 3800 Decimam

397 3913 402 3925 ,
443 3849 688 3934 persecutionem
712 3847 767 3934 (cl.
782 3847 894 3934 5735)
916 3848 1128 3933 couscriptum
1148 3849 1314 3932 postquem
1336 3845 1432 3913 editio
1446 3845 1575 3911 Densu-

444 3957 570 4025 triensis
585 3957 732 4044 Cypriani
747 3959 893 4044 operibns
907 3961 1033 4040 adiecit,
1055 3959 1188 4027 editores
1203 3978 1274 4024 cum
1288 3957 1329 4023 sd
1342 3973 1393 4024 res
1408 3953 1577 4038 dequibus

479 4128 644 4198 necesses
663 4128 769 4185 libellos
790 4128 838 4196 1v,
858 4129 903 4184 De
920 4129 989 4184 torro
1004 4129 1162 4200 pecwine
1182 4128 1239 4196 (fol.
1251 4129 1383 4196 8³-1il·).
1403 4123 1450 4179 VL
1468 4123 1500 4178 V.
1512 4122 1577 4178 ΧΠ.

444 4213 526 4355 ἓὶΙὶΙι.)
539 4213 617 4354 {11ss
631 4213 664 4269 X.
682 4213 730 4280 IX,
748 4214 827 4284 epist.
843 4219 884 4282 11,
900 4216 1049 4314 macutum
1060 4215 1109 4270 Ac
1120 4213 1313 4280 Nouellum
1329 4212 1374 4279 (ε
1385 4211 1454 4280 App.
1465 4225 1491 4279 p.
1503 4209 1578 4279 olm)
