4016 5054
687 517 732 570 De
750 517 882 585 duplici
900 517 1069 586 martyrio
1087 532 1109 570 c.
1128 517 1239 570 31-35.
1467 517 1532 582 243

395 679 520 738 lominus
535 679 690 738 uincuntur
704 693 723 735 a
736 675 943 749 cupiditatibus
970 674 1031 734 suis
1047 692 1132 748 quam
1146 691 1207 746 nos,
1235 691 1307 748 quos
1323 673 1422 734 dicunt
1436 675 1531 734 adlruc

397 779 490 840 teneri
505 781 559 840 sub
584 795 673 855 ragno
698 782 825 838 satanae.
857 776 926 852 quid
941 778 1060 852 prodast
1084 775 1145 836 illis
1162 776 1330 850 baptismus,
1361 793 1418 850 quo
1433 776 1533 836 dicunt

396 884 463 943 exui
477 886 601 943 ueterem
616 881 759 942 hominem
784 897 849 940 cum
865 879 978 940 actibus
1001 879 1063 939 suis
1085 881 1115 938 et
1136 877 1217 936 indui
1238 894 1342 938 nouum
1365 879 1415 951 qui
1430 895 1532 938 secun·

400 985 469 1044 dum
484 983 576 1044 Deum
589 985 702 1043 creatus
717 984 784 1042 esti
808 981 879 1056 quid
893 981 1011 1054 prodest
1026 981 1084 1040 illis
1099 979 1224 1054 Spiritus
1237 981 1365 1053 sanctus,
1388 981 1470 1041 cuius
1484 998 1533 1041 ar-

373 1087 485 1147 abitrio
505 1086 603 1146 dicunt
624 1101 656 1144 se
678 1083 856 1160 temperari?
884 1099 935 1142 cnr
961 1099 1072 1157 semper
1102 1083 1132 1142 in
1154 1099 1202 1143 oro
1216 1084 1324 1143 habent
1337 1072 1533 1160 ‘arengalium

397 1173 600 1263 euangelium,
615 1205 679 1248 cum
694 1190 758 1248 toto
772 1187 835 1247 uita
849 1187 994 1261 discrepet
1007 1187 1045 1246 ab
1059 1187 1203 1262 euangelii
1218 1187 1401 1262 praeceptis?
1427 1189 1535 1261 quanto

397 1291 514 1353 creditis
530 1293 636 1366 pudore
651 1289 827 1351 suffunditur
842 1289 973 1361 aeclesia,
996 1306 1061 1349 cum
1076 1290 1147 1350 baec
1167 1291 1336 1364 ingeruntur
1351 1290 1388 1350 ab
1402 1290 1536 1350 hostibus

398 1411 450 1454 nec
466 1393 552 1453 habet
566 1409 621 1466 quo
633 1391 749 1451 refellat
764 1391 939 1466 opprobria?
959 1407 1052 1451 nonne
1067 1391 1197 1452 uidemus
1211 1393 1303 1451 totum
1318 1391 1454 1452 ecclesiae
1469 1407 1534 1452 eoe-
1609 1431 1611 1434 -

398 1501 461 1556 tum
481 1497 630 1558 demittere
651 1497 750 1555 uultus
775 1497 862 1569 atque
888 1495 1066 1567 erubescere,
1094 1494 1226 1568 quotiens
1246 1493 1344 1569 aliqua
1364 1495 1446 1570 uirgo
1462 1512 1535 1569 quae

365 1614 390 1652 ru
401 1599 515 1658 christo
530 1601 667 1673 nupserat
681 1596 796 1670 dilapsa
807 1613 842 1656 ax
857 1597 987 1670 angelico
1002 1596 1197 1670 contubernio,
1221 1596 1325 1658 deiecit
1346 1596 1383 1656 ud
1404 1599 1536 1670 stuprum

400 1703 451 1760 aut
466 1700 651 1772 coniugium?
667 1701 793 1772 qirantus
809 1713 920 1757 moeror
935 1701 1055 1771 occupet
1071 1697 1194 1756 omnium
1210 1702 1339 1758 nostrum
1361 1699 1471 1759 animos
1485 1701 1537 1760 sed

399 1801 551 1875 praecipue
565 1803 722 1874 pastorum,
739 1800 765 1858 si
780 1799 894 1873 quando
907 1797 1015 1858 Christi
1031 1799 1114 1859 miles
1129 1800 1278 1861 tormentis
1292 1801 1412 1862 inferior
1432 1818 1536 1862 renun-

399 1903 487 1963 tiauit
506 1902 670 1976 imperatori
685 1899 758 1962 suo?
780 1903 907 1974 quantus
923 1903 1020 1960 autem
1034 1918 1069 1960 aa·
1084 1903 1203 1962 aduerso
1220 1907 1336 1963 satanam
1350 1902 1536 1977 triumphus?

444 2006 556 2079 Iteqoe,
571 2005 678 2063 fratres
693 2001 884 2074 dilectissimi,
899 2003 925 2062 si
941 2019 1008 2063 uere
1024 2002 1171 2077 diligimus
1182 2004 1283 2078 Deum,
1300 2005 1326 2066 si
1341 2005 1468 2080 quotidie
1483 2023 1535 2082 ps·
1547 2013 1588 2073 34

365 2109 490 2167 rotimus
505 2125 540 2168 ox
566 2107 659 2166 animo
688 2093 896 2165 ‘sanctificetur
910 2121 1013 2164 nomen
1028 2092 1129 2179 tuum',
1157 2123 1266 2165 summo
1281 2108 1375 2166 studio
1391 2107 1536 2182 aduigila-

403 2227 476 2282 mus,
493 2209 596 2269 necubi
609 2207 772 2281 polluamus
786 2222 889 2267 nomen
905 2205 995 2279 illius,
1012 2209 1063 2266 aad
1078 2211 1108 2266 et
1123 2211 1214 2269 morte
1229 2211 1258 2269 et
1274 2209 1335 2269 uita
1344 2209 1537 2282 glorificamus

403 2310 494 2383 illum,
517 2312 597 2369 iuxta
610 2309 688 2370 beati
703 2308 789 2369 Pauli
817 2309 927 2368 monita
951 2309 1083 2369 uiuentes
1110 2310 1172 2369 sine
1199 2311 1315 2383 querela
1336 2313 1370 2370 ut
1391 2312 1537 2388 simplices

403 2413 455 2471 filii
471 2411 534 2484 Dei,
565 2413 626 2471 sine
648 2407 873 2484 reprehensione
895 2408 926 2468 in
948 2409 1040 2470 medio
1063 2410 1189 2470 untionis
1211 2429 1317 2486 prauae
1332 2414 1362 2472 et
1376 2429 1537 2488 periremus,

402 2515 480 2574 inter
494 2530 565 2587 quoe
575 2513 722 2573 luceamus
738 2513 815 2572 siout
828 2512 983 2570 luminaria
994 2512 1024 2570 in
1039 2513 1153 2584 mundo,
1169 2514 1287 2574 uerbum
1299 2514 1377 2574 uitae
1389 2517 1538 2577 contineu-

366 2620 447 2674 eotes
479 2617 515 2673 ad
530 2614 650 2688 gloriam
666 2613 777 2672 christi
791 2615 867 2686 Iesu,
894 2614 973 2686 regis
989 2617 1019 2672 st
1033 2615 1223 2688 agonothetae
1249 2615 1357 2688 nostri,
1384 2618 1433 2690 qui
1455 2635 1539 2677 suum

402 2735 468 2778 esso
484 2717 564 2777 ducit
579 2716 717 2790 quidquid
733 2716 763 2774 in
779 2715 915 2776 membris
931 2715 1024 2789 ipsius
1038 2716 1158 2790 geritur.
1182 2716 1325 2792 patiamur
1340 2735 1404 2777 cum
1420 2719 1482 2792 illu,
1505 2723 1540 2780 ut

401 2837 467 2879 cum
483 2819 534 2879 illo
549 2818 741 2892 glorificemur
756 2818 786 2876 in
802 2817 848 2876 die
863 2816 989 2876 Domini.
1006 2835 1058 2878 nos
1074 2817 1122 2878 bic
1145 2817 1228 2877 illum
1250 2819 1439 2880 clarificemus
1462 2823 1540 2896 apud

403 2921 543 2991 homines,
560 2923 593 2979 ut
608 2919 660 2979 ille
674 2936 728 2979 nos
743 2919 883 2979 clarificet
898 2919 1032 2979 claritate
1047 2937 1100 2978 sua
1114 2935 1208 2980 coram
1223 2921 1336 2995 angelis
1357 2921 1429 2996 suis,
1451 2939 1536 2996 oum,

402 3027 436 3083 ut
451 3023 546 3096 inquit
567 3023 670 3082 beatus
685 3020 805 3094 Paulus,
820 3024 969 3082 uenerit
992 3021 1211 3097 glorificari
1232 3023 1268 3082 in
1284 3023 1426 3084 eunctis
1447 3025 1537 3085 suis.

367 3143 506 3187 asnonio
537 3126 738 3185 coronatur
770 3122 846 3183 nisi
880 3124 1053 3197 legitime
1086 3125 1302 3184 certauerit.
1333 3130 1370 3185 et
1402 3125 1440 3184 hi
1477 3128 1539 3200 qui

403 3227 691 3302 corruptibilem
714 3242 883 3287 coronam
905 3225 1088 3299 ambiunt,
1110 3227 1153 3289 ab
1175 3227 1344 3288 omnibus
1365 3245 1401 3288 se
1423 3228 1538 3288 absti-

402 3351 424 3390 n
433 3335 510 3402 eut,
525 3329 599 3389 nihil
614 3347 671 3390 uon
686 3330 827 3390 iacientes
842 3329 918 3402 qnod
933 3331 971 3388 ud
986 3328 1137 3389 uictoriam
1152 3328 1299 3390 conducit:
1323 3329 1392 3402 qnid
1418 3347 1471 3390 nos
1493 3330 1539 3390 iu-

405 3448 469 3493 uere
483 3430 628 3504 conuenit,
650 3434 683 3491 nt
698 3447 887 3506 assequamur
901 3429 984 3490 illam
998 3431 1168 3492 immortalis
1190 3429 1266 3492 uitae
1288 3449 1421 3494 eoronam
1443 3433 1540 3493 incor-

406 3535 571 3609 ruptibilem
586 3538 616 3593 st
630 3533 897 3594 immarcescibilem
911 3534 942 3593 iu
958 3533 1070 3594 coelis?

368 3660 396 3700 aa
449 3637 505 3697 llic
520 3637 622 3712 siquis
637 3639 728 3712 roget,
753 3654 809 3710 quo
821 3641 905 3712 pacto
920 3637 987 3712 quis
1002 3635 1095 3711 possit
1110 3653 1173 3697 osse
1188 3639 1297 3713 martyr
1311 3637 1373 3697 sino
1389 3638 1538 3712 sanguinis
1549 3645 1590 3705 35

407 3739 558 3799 effudoue:
575 3739 706 3813 quisquis
717 3739 772 3799 hoo
783 3739 878 3798 animo
893 3738 1024 3813 sequitur
1038 3737 1189 3813 iustitiam,
1206 3743 1238 3798 ut
1253 3742 1373 3800 moriam
1384 3739 1471 3800 citius
1486 3740 1538 3800 ad·

405 3841 546 3901 missurus
561 3840 609 3914 sit,
636 3859 722 3915 qnam
738 3839 813 3902 uelit
829 3859 847 3900 a
861 3840 976 3900 iustitia
991 3840 1155 3914 deflectere,
1186 3841 1254 3902 huic
1267 3845 1381 3915 promta
1405 3841 1540 3902 uoluntas

405 3962 457 4018 pro
472 3944 609 4018 martyrio
624 3943 821 4017 deputabitur.
851 3943 930 4003 Deos
956 3943 1033 4002 enim
1064 3959 1120 4002 non
1147 3944 1282 4004 aestimat
1308 3961 1478 4020 quemquam
1504 3959 1540 4006 ex

405 4049 511 4106 euentu
526 4063 622 4106 rerum
636 4046 686 4106 sed
702 4063 737 4106 ex
752 4045 867 4105 affeetu.
896 4062 947 4104 cur
961 4047 1038 4104 enirn
1053 4043 1104 4106 ille
1126 4044 1276 4106 fraudetur
1290 4046 1421 4122 martyrii
1435 4045 1539 4121 glorie,
1590 4087 1595 4106 .

368 4164 457 4222 uper
471 4165 555 4223 quem
570 4165 625 4208 non
639 4149 722 4208 stetit
736 4146 889 4223 quominus
904 4147 1073 4223 martyrium
1094 4147 1259 4224 peregerit?
1280 4151 1314 4208 ut
1339 4152 1438 4210 eontra
1463 4163 1540 4208 mer·

472 4399 508 4454 23
526 4399 555 4454 11
573 4399 666 4457 Thess.
685 4402 710 4466 1,
728 4401 778 4463 10;
796 4399 825 4456 11
844 4399 915 4460 uim.
933 4401 960 4460 2,
978 4401 1007 4466 5;
1027 4400 1041 4454 1
1061 4400 1120 4458 Cor.
1138 4401 1164 4468 9,
1180 4403 1224 4458 25.

1259 4495 1332 4554 16ΙΙι
1359 4511 1364 4519 ·
