4016 5054
661 349 1209 440 06116ζς6111161666166166116
1232 381 1256 421 o.
1275 366 1352 421 1-3.
1510 367 1574 433 175

437 529 558 603 minse,
580 532 612 589 et
625 529 810 590 uehementer
824 527 947 588 infrenis
962 527 1009 588 ost
1022 527 1070 587 ooi
1083 543 1141 587 non
1155 524 1295 586 incutitur
1309 527 1395 586 timor
1408 526 1464 587 alio
1490 540 1574 602 pore·

438 634 519 692 unte.
533 635 644 694 amator
658 636 704 692 est
718 649 786 694 uero
801 631 907 692 salutis
921 647 991 692 suaa
1006 629 1056 705 qui
1071 629 1163 690 euitat
1176 629 1287 690 abenas
1301 630 1402 691 mortis
1417 629 1574 690 incursum.

439 734 549 809 etipse
564 737 610 794 ost
620 734 757 808 prouidus
768 734 818 808 qui
829 733 972 794 sollicitus
987 732 1021 791 llt
1032 731 1163 792 cladibus
1174 736 1341 805 eotmornm,
1358 732 1434 792 nont
1442 733 1578 793 Salomon

442 837 583 912 adprobat
596 838 711 897 disens:
734 837 881 897 astutus
902 837 1035 896 uidens
1057 835 1190 894 malum
1211 835 1355 911 puniri,
1385 837 1579 896 uehemen-

420 941 500 1000 star
520 938 723 1012 erudietur,
758 941 789 999 et
816 937 935 999 iterum:
958 937 1180 1000 cadentibus
1200 936 1327 1012 impiis
1348 937 1443 998 insti
1467 939 1582 999 nabe:

442 1044 584 1103 menter
610 1041 861 1102 terrebuntur.
886 1039 1054 1102 aduersaria
1073 1043 1119 1101 ast
1146 1038 1318 1101 oonfldentia
1342 1057 1415 1115 qnae
1439 1039 1580 1115 perieulis

442 1144 533 1204 uitam
553 1161 636 1204 suam
656 1160 706 1218 pro
727 1146 805 1204 oerto
824 1143 1014 1214 sommendat,
1036 1145 1067 1202 ot
1086 1143 1198 1202 lubrica
1211 1158 1278 1217 spes
1293 1145 1339 1202 est
1352 1158 1424 1216 qnae
1439 1143 1517 1203 inter
1531 1143 1578 1204 fo·

441 1248 540 1306 menta
554 1245 664 1319 poooati
679 1246 787 1305 saluari
802 1262 833 1305 se
843 1247 949 1318 sperat.
962 1245 1074 1305 ineerta
1088 1243 1209 1304 uictoria
1219 1247 1265 1304 est
1275 1244 1353 1304 inter
1365 1245 1485 1304 hostilis
1498 1263 1580 1306 arma

440 1363 586 1422 pugnare,
610 1350 640 1406 et
660 1345 838 1422 inpossibilis
860 1345 995 1406 liberatio
1010 1347 1055 1405 est
1070 1345 1194 1406 flammis
1208 1345 1379 1407 oiroumdari
1397 1363 1450 1408 neo
1464 1348 1576 1409 ardere.

404 1451 518 1525 nequod
551 1449 684 1510 Salomon
709 1451 835 1524 abnefflt
860 1449 975 1508 dioens:
1006 1448 1091 1526 quis
1112 1449 1294 1523 alligabit
1327 1449 1363 1508 in
1397 1451 1480 1511 sinu
1514 1467 1580 1511 suo

438 1551 568 1626 ignem,
590 1552 822 1611 uestimenta
842 1552 970 1610 autem
992 1567 1059 1609 ena
1080 1567 1149 1610 non
1172 1552 1384 1611 comburet?
1407 1554 1474 1612 aut
1495 1554 1579 1629 quis

439 1653 648 1715 ambulabit
669 1671 780 1728 super
801 1652 978 1714 carbones
1001 1651 1120 1727 ignis,
1153 1651 1265 1726 poles
1286 1669 1373 1713 nero
1395 1671 1465 1715 non
1487 1673 1580 1716 oom-

438 1757 566 1816 buret?
590 1757 645 1836 sio
666 1754 727 1829 qui
749 1754 892 1814 introit
912 1755 954 1813 ad
975 1769 1123 1813 uxorem
1144 1752 1302 1828 proximi
1324 1753 1392 1825 sni,
1413 1771 1482 1815 uon
1503 1756 1580 1815 erit

439 1857 601 1917 inmunis
622 1872 737 1931 neque
752 1856 867 1916 omnis
882 1857 943 1931 qui
957 1854 1085 1929 tangit
1098 1871 1182 1915 eam.
1197 1855 1421 1931 maliloquaeso
1435 1874 1498 1932 uos,
1514 1875 1577 1918 oro·

405 1973 431 2013 rs
441 1956 502 2016 oio
517 1956 631 2018 diuinae
645 1957 712 2016 fidei
727 1957 797 2030 quin
812 1954 898 2017 immo
912 1973 999 2031 quam
1013 1953 1145 2016 uestrae:
1161 1955 1229 2028 quia
1243 1972 1326 2016 omne
1338 1957 1475 2031 quioquid
1489 1958 1576 2034 polli-

440 2061 521 2117 oetur
535 2075 592 2117 non
606 2060 702 2132 potest
715 2055 818 2116 fallere
833 2058 945 2117 ‹lieente
960 2056 1097 2116 Domino:
1119 2055 1276 2116 facilius
1290 2059 1357 2128 ast,
1379 2057 1483 2132 inquit,
1498 2075 1577 2120 oae-

441 2159 515 2218 lum
544 2163 582 2219 et
612 2162 749 2219 terram
779 2159 987 2233 praeterire
1016 2175 1118 2232 quam
1147 2158 1188 2218 de
1208 2157 1291 2232 lego
1313 2176 1418 2219 unum
1439 2161 1579 2236 apioem

441 2264 581 2324 eadere.
615 2265 645 2323 et
675 2264 795 2323 iterum:
827 2263 969 2324 eaelum
1002 2263 1038 2322 ot
1070 2265 1172 2322 terra
1201 2263 1432 2337 transibunt,
1466 2265 1580 2325 uerba

441 2369 563 2425 autem
584 2382 658 2426 maa
671 2381 741 2425 non
763 2365 1038 2439 praeteribunt.
1062 2363 1119 2437 ipsi
1134 2379 1202 2437 ergo
1216 2381 1269 2424 nos
1284 2363 1422 2437 fallimus,
1444 2366 1580 2441 quotiens

404 2483 432 2525 ao
441 2465 642 2527 inordinnlitor
664 2467 807 2528 oredimus
821 2467 1009 2526 aestimantes
1023 2482 1076 2539 per
1090 2466 1175 2525 fidem
1193 2467 1322 2526 nostram
1337 2466 1411 2541 legis
1426 2471 1581 2542 praerepta

439 2585 526 2643 posse
540 2569 657 2640 mutari,
674 2571 707 2628 nt
720 2568 798 2629 inter
808 2567 950 2628 mmoulos
964 2571 996 2628 et
1006 2567 1128 2627 feminas
1139 2584 1285 2641 speramns
1296 2566 1403 2642 passim
1415 2569 1580 2630 uastitatem

440 2669 615 2730 immobilem
629 2671 777 2729 custodiri.

482 2769 608 2830 Difficile
624 2771 690 2845 quis
705 2787 845 2830 uenenum
865 2771 992 2830 bibebat
1016 2771 1107 2830 uiuet.
1130 2771 1286 2830 nomnium
1306 2775 1352 2831 ast
1374 2770 1526 2832 dormienti
1546 2772 1608 2833 in3

440 2873 513 2944 ripe,
535 2889 573 2931 ne
586 2874 681 2944 61611,
703 2891 768 2932 enm
783 2873 862 2931 dieat
876 2871 1041 2945 apostolus:
1065 2873 1128 2946 qui
1143 2889 1180 2932 so
1200 2875 1311 2946 putat
1333 2875 1433 2932 staro
1448 2875 1578 2935 uideat

407 2990 485 3036 rone
506 2974 631 3034 eadat.
665 2973 695 3032 in
721 2975 776 3034 hae
801 2977 884 3048 parta
899 2973 1015 3048 expedit
1036 2975 1108 3033 bene
1122 2973 1223 3032 timere
1237 2990 1323 3048 quam
1338 2975 1413 3035 mala
1427 2975 1523 3036 fidere.
1547 2979 1578 3037 et

441 3074 543 3134 utilius
557 3078 603 3134 ost
618 3075 760 3134 infirmnm
776 3093 807 3134 so
820 3075 905 3134 bomo
920 3077 1075 3149 eognoscat
1102 3078 1135 3134 nt
1149 3075 1234 3134 fortis
1249 3076 1369 3147 emetat,
1385 3095 1470 3151 quam
1491 3079 1577 3139 fortis

442 3175 536 3235 uideri
551 3175 639 3249 uelit,
666 3179 697 3234 et
711 3175 842 3236 infirmus
857 3181 995 3250 emergat.
1019 3177 1054 3235 de
1075 3193 1133 3250 qua
1151 3193 1183 3236 ro
1197 3179 1428 3251 praesumptores
1443 3181 1578 3254 obiurgat

441 3276 588 3350 apostolus
608 3277 720 3336 dioens:
755 3278 787 3336 si
810 3278 871 3350 qni
893 3279 1007 3352 putat
1029 3295 1067 3337 so
1089 3278 1234 3352 aliquid
1256 3295 1351 3351 esse,
1380 3298 1458 3340 oum
1478 3282 1578 3343 nibil

441 3378 503 3451 ait,
526 3395 564 3438 sa
584 3379 702 3454 ipsum
724 3379 906 3454 inplanat.
929 3399 982 3455 pro
997 3381 1075 3440 oerto
1090 3379 1253 3455 inplanator
1267 3381 1400 3457 proprius
1415 3401 1496 3444 suam
1511 3386 1576 3444 sni·

508 3611 799 3684 4166111116)
922 3615 957 3668 10
974 3615 1052 3668 Pron.
1072 3615 1097 3678 6,
1116 3613 1159 3668 27.
1177 3613 1220 3668 28.
1337 3615 1577 3684 1611161617.

441 3697 654 3760 1811166124,
672 3697 715 3751 55.
818 3697 962 3754 241061.
981 3699 1023 3763 10,
1043 3698 1086 3753 12.
1205 3699 1241 3753 28
1259 3699 1321 3754 Gal.
1338 3701 1363 3765 6,
1380 3701 1405 3755 3.

511 3901 529 3956 2
546 3917 610 3956 nero
628 3902 670 3958 eat
687 3919 704 3957 6
820 3901 855 3957 10
872 3903 991 3973 abnegat
1012 3903 1043 3969 0,
1060 3917 1115 3958 nen
1131 3905 1216 3972 negat
1231 3921 1249 3959 6
1364 3905 1397 3959 13
1414 3907 1514 3962 introit
1531 3907 1575 3972 0¹,

441 3987 580 4042 introierit
601 3987 652 4045 O'o
764 3989 799 4044 14
815 4005 865 4044 uos
887 3990 911 4047 0
925 4005 947 4044 1.
965 3990 984 4045 1.
1001 3992 1074 4044 612
1182 3990 1218 4045 15
1233 3989 1295 4059 plus
1306 4006 1387 4061 quam
1405 3993 1542 4050 nomos

441 4076 549 4126 uernae
565 4073 596 4138 0,
614 4075 723 4130 nostrae
740 4092 758 4132 a
906 4077 943 4130 20
959 4079 1103 4146 praesepto
1122 4077 1158 4133 0¹
1306 4078 1341 4133 21
1358 4093 1438 4147 posse
1455 4096 1505 4135 ora.
1523 4097 1542 4134 o

440 4156 478 4212 23
494 4155 574 4212 bibat
595 4159 630 4214 0ι
745 4160 824 4214 uiuat
843 4163 868 4215 0
979 4159 1124 4220 uerendum
1142 4161 1194 4232 est]
1213 4162 1259 4217 uel
1280 4162 1304 4219 0
1416 4163 1452 4219 25
1468 4165 1577 4236 expedit

441 4243 696 4314 pluam-omli
799 4245 958 4315 2861110
1638 4259 1640 4264 ’
