4016 5054
652 447 698 501 Dc
716 445 979 515 singularitate
997 448 1199 502 clericorum
1222 461 1244 500 c
1261 446 1375 501 tl-tb.
1517 447 1583 512 219

445 605 599 665 latronum.
621 604 688 679 plna
703 605 791 664 ducas
806 606 837 665 ct
851 604 997 679 principos
1011 622 1097 679 quam
1111 606 1221 666 milites
1234 609 1272 666 ab
1286 605 1419 666 nostibus
1441 607 1583 678 appetun-
1665 585 1667 592 ¹

447 709 496 767 tur
510 705 540 765 in
555 723 663 782 pugna,
688 707 719 766 ct
734 705 891 766 uiolentius
905 707 1110 781 propulsantur
1124 708 1219 768 ucntia
1233 710 1263 768 ct
1277 706 1442 768 turbinibus
1457 705 1584 766 culmina

447 826 641 886 quaecumque
667 813 736 870 sunt
760 808 875 870 altiora.
906 809 971 870 idco
997 813 1091 887 magis
1116 812 1275 887 magisque,
1306 827 1362 885 quo
1384 811 1452 885 plus
1482 809 1587 870 catoris
1673 835 1675 839 ·

447 911 643 987 unusquisque
658 903 764 985 polani,
781 912 855 972 sciat
865 929 928 973 coac
944 913 1001 973 aibi
1016 915 1199 976 matucndum
1215 931 1251 974 nc
1261 914 1293 973 in
1304 913 1402 988 aliquo
1414 913 1583 985 minoratur,

427 1017 564 1090 aproptor
579 1014 655 1088 quod
670 1013 803 1075 Salomon
817 1014 860 1074 aio
874 1014 1009 1076 admouet
1029 1017 1146 1076 dicans:
1170 1014 1232 1091 qui
1253 1015 1456 1090 gloriatur,
1479 1009 1585 1089 iuquit,

447 1116 483 1175 in
506 1115 670 1188 diuitiis,
691 1117 952 1190 paupertatem
973 1121 1164 1179 parcatur.
1186 1134 1256 1192 rogo
1279 1119 1487 1193 uosqnantum
1502 1116 1585 1176 unico

447 1221 477 1280 at
490 1219 569 1279 ultra
583 1235 669 1292 quam
683 1217 767 1278 calco
796 1219 871 1279 hacc
897 1219 958 1279 rint
978 1219 1076 1280 studia
1089 1218 1215 1280 omnium
1230 1219 1410 1290 clericorum,
1435 1221 1469 1278 ut
1483 1219 1584 1293 singu·

447 1319 574 1379 latitatis
596 1319 800 1380 inaccusabilis
819 1319 981 1380 aaoeaaiona
1004 1320 1172 1396 iungantur,
1199 1337 1235 1380 na
1256 1323 1309 1380 aut
1323 1319 1381 1394 ipsi
1394 1337 1447 1393 per
1461 1319 1586 1380 laminas

447 1425 499 1482 ant
524 1422 648 1483 icmiuaa
673 1437 726 1496 por
752 1421 821 1482 illos
843 1423 880 1481 ad
900 1421 1091 1496 ignominiosa
1115 1423 1241 1483 ludibria
1254 1424 1456 1498 prouoccntur.
1479 1421 1587 1496 aiqnia

414 1525 537 1584 ichabot
550 1525 671 1584 matram
687 1523 735 1583 nal
750 1523 841 1582 liliam
856 1509 905 1583 ccl
920 1540 1046 1585 sororem
1060 1523 1107 1586 uol
1121 1525 1271 1599 coniugam
1287 1525 1334 1584 ool
1356 1515 1518 1598 combam,
1543 1522 1587 1582 aio

447 1624 564 1698 habnt,
591 1627 624 1684 nt
645 1624 727 1684 nulla
752 1625 869 1684 intorsit
888 1624 995 1686 ancilla
1018 1641 1110 1700 noque
1131 1626 1230 1700 aliqua
1243 1624 1424 1700 ingradiatur
1438 1629 1586 1697 cumea,

448 1743 484 1786 nc
499 1727 536 1785 ad
550 1728 605 1788 hoc
619 1726 755 1787 uideatur
769 1729 867 1788 butro
881 1728 1028 1802 proximas
1043 1745 1121 1802 suaa,
1136 1729 1169 1788 ut
1181 1727 1309 1803 ipsarum
1324 1744 1412 1788 causa
1422 1724 1515 1786 libore
1530 1723 1588 1785 cibi

448 1828 584 1888 adhibeat
606 1829 728 1888 alicua&
752 1829 828 1903 quod
842 1830 869 1889 ai
883 1846 941 1889 non
960 1829 1075 1904 possint
1094 1830 1175 1904 ipaua
1190 1845 1264 1904 quac
1278 1831 1347 1888 aunt
1360 1827 1508 1903 proximae
1522 1827 1587 1886 aina

447 1930 619 1992 famularum
644 1930 807 1991 ministerio
832 1931 881 1992 uol
907 1930 969 1991 rinc
996 1931 1151 1992 amicarum
1177 1949 1240 1992 caso
1267 1929 1384 2002 solacio,
1413 1927 1530 2004 crpodit
1553 1930 1588 1987 ut

413 2050 438 2090 ιι
448 2033 574 2106 migrent
596 2033 633 2092 ad
654 2032 734 2093 aliud
758 2033 934 2094 domicilium
957 2051 1042 2108 quam
1057 2036 1175 2108 proptor
1188 2033 1256 2094 illua
1270 2049 1410 2109 personna
1425 2029 1587 2092 contrariae

447 2136 611 2194 tonantur.
634 2135 794 2194 humanum
809 2137 857 2194 cat
870 2135 956 2205 anim,
983 2137 1017 2193 ut
1030 2151 1083 2194 noc
1098 2135 1219 2196 cloricua
1233 2133 1301 2195 illac
1315 2133 1487 2194 necessariis
1502 2132 1588 2192 iomi-

449 2236 495 2296 nia
521 2236 637 2295 iraudct
662 2253 716 2296 noc
741 2236 822 2310 ipnaa
852 2235 988 2296 clericum
1014 2253 1066 2310 por
1091 2236 1261 2311 inportunas
1282 2235 1405 2297 laminas
1426 2235 1585 2295 sordidant.

450 2337 599 2412 adsignari
614 2341 737 2410 poaauut
750 2337 861 2398 nanctis
883 2337 1061 2410 mulieribus,
1089 2355 1153 2397 curn
1177 2337 1281 2412 quibua
1296 2336 1407 2408 uiuant,
1435 2336 1587 2396 dummodo

451 2456 514 2499 oum
535 2439 637 2500 clerico
659 2439 767 2499 lomina
786 2439 869 2500 nulla
883 2442 1070 2500 commaneat.
1092 2457 1150 2499 non
1165 2440 1310 2512 daapccta,
1336 2454 1394 2498 non
1408 2437 1510 2498 notula
1523 2435 1587 2497 cino

418 2539 603 2600 »adfinitate
629 2539 816 2614 peculiariter
843 2541 1026 2614 suscipienda
1051 2544 1097 2600 cot
1122 2540 1159 2600 ud
1188 2539 1376 2600 domesticum
1401 2539 1585 2614 obsequium:

451 2642 520 2715 qnia
538 2642 633 2716 magis
659 2640 720 2701 illic
734 2642 792 2702 cito
808 2641 999 2717 delinquitur,
1026 2643 1075 2701 ubi
1090 2642 1152 2702 cino
1167 2641 1329 2715 suspicione
1345 2658 1478 2701 securum
1492 2642 1590 2714 potest

450 2760 515 2804 asso
530 2743 677 2816 doliolum,
693 2745 817 2804 maxime
831 2745 902 2820 quia
916 2744 1043 2818 cupidini
1058 2743 1139 2804 nulla
1152 2742 1331 2816 deformitas,
1346 2741 1430 2802 nulla
1443 2741 1588 2816 dcapaotio

452 2845 563 2905 fastidii
579 2845 627 2906 uol
642 2846 712 2906 uilia
726 2847 836 2919 oxiatit,
863 2845 912 2906 cui
926 2845 1057 2905 diabolus
1071 2846 1195 2920 pingens
1221 2845 1381 2919 spaciosum
1396 2843 1487 2905 adicit
1507 2843 1589 2918 quic·

450 2948 519 3022 quid
534 2948 649 3008 iocdum
664 2947 713 3007 nol
727 2948 877 3008 horridum
892 2947 990 3008 inurit

415 3068 443 3110 ao
494 3048 614 3123 Siquis
640 3052 736 3110 autom
762 3051 846 3110 modo
873 3050 1050 3124 proiectione
1076 3052 1195 3123 cogamo
1221 3049 1297 3124 apud
1312 3049 1417 3109 fratros
1443 3049 1490 3108 ool
1511 3049 1587 3123 apud
1598 3049 1639 3109 45

451 3152 600 3210 extrancos
626 3151 802 3226 hospitatur,
829 3151 880 3211 ubi
907 3151 1042 3212 modionas
1066 3151 1222 3228 intersunt,
1247 3149 1362 3211 omnino
1387 3167 1419 3212 aa
1439 3153 1527 3224 artat,
1552 3167 1589 3210 no

450 3251 646 3326 passibilitate
672 3253 770 3328 aliqua
795 3254 925 3315 uitiatur.
948 3257 1075 3314 canotus
1095 3271 1129 3314 ac
1154 3256 1281 3314 socratas
1296 3253 1357 3314 Doo
1380 3255 1507 3314 mcccc
1522 3253 1588 3326 sibi,

450 3369 486 3412 nc
510 3353 589 3414 intus
616 3354 747 3430 capiatur
761 3373 780 3414 a
794 3356 918 3429 diabolo,
945 3358 976 3415 ot
999 3356 1050 3429 qui
1074 3355 1146 3416 loris
1172 3355 1236 3430 capi
1249 3371 1306 3416 non
1320 3356 1415 3429 potuit
1430 3357 1507 3428 apud
1522 3372 1590 3416 auos

520 3586 538 3642 5
555 3586 607 3641 Sir.
626 3585 669 3649 10,
686 3585 729 3640 34.

519 3804 1034 3863 tcttnrbinibuaoata.lm.2
1206 3805 1523 3875 dquoOa.l.m.2

451 3893 468 3947 7
485 3895 602 3948 cantat
620 3893 712 3947 omnia
733 3891 757 3948 0
842 3891 860 3946 8
878 3891 1074 3946 maccuaabilco
1094 3890 1129 3947 0¹
1215 3891 1250 3947 10
1267 3891 1312 3946 nol
1329 3893 1471 3963 coniugam
1492 3895 1592 3963 Cer-p.

450 3995 486 4036 m.
503 3983 523 4034 2
661 3979 695 4032 11
714 3977 752 4032 cit
775 3977 846 4031 inter
864 3977 947 4044 (inter
965 3976 1003 4030 cit
1019 3993 1055 4032 m.
1073 3977 1104 4048 2)
1122 3975 1224 4032 ancilia
1240 3976 1271 4042 0,
1295 3977 1397 4032 ancilla
1414 3977 1558 4034 interrito

450 4062 659 4133 lopcaonco
796 4061 1019 4118 ltcaaoorat'
1148 4062 1559 4133 cmptionalm

452 4149 742 4207 Idaionlm
885 4145 1172 4212 marmorio
1317 4148 1593 4218 llilliccitoBal,

450 4232 603 4290 inlicitoG
704 4231 936 4300 itcupidiniac
1037 4232 1136 4288 iboni
1158 4231 1286 4299 accio
1389 4234 1473 4289 blac
1495 4235 1591 4290 Gal.

450 4323 522 4376 oct
625 4315 907 4374 tdnuoocoruocO
