4016 5054
437 395 497 460 162
904 393 1088 466 Appendix.

433 563 538 622 magua
552 549 664 624 maguis
678 549 910 612 infestationibus
924 554 954 612 et
967 551 1192 612 aduersitatibue
1206 549 1302 610 solent
1314 547 1454 609 laborare.
1469 542 1560 605 omnis

432 647 524 724 igitur
537 652 587 725 qui
601 655 717 726 praeest
731 655 784 714 hoo
798 653 931 729 primitus
945 653 1034 715 animi
1048 657 1110 715 tots
1124 653 1283 714 intentione
1298 653 1448 728 proouret,
1462 651 1497 710 ut
1510 665 1561 725 per

433 749 529 810 omnia
542 752 577 812 de
591 752 707 814 Domini
721 755 862 816 adiutorio
876 755 988 816 omniuo
1003 773 1060 816 uon
1074 755 1195 816 dubitet.
1211 754 1237 814 ei
1252 769 1374 828 musque
1389 750 1516 827 eoeperit
1529 751 1560 810 in

433 853 546 914 seuous
561 852 622 914 suis
637 856 835 918 auxiliatorem
849 857 954 918 habere
973 858 1118 919 domiuum
1140 856 1334 928 dominorum,
1354 853 1453 914 nullus
1467 851 1560 914 homi·

432 972 500 1015 uum
526 960 700 1033 oontemptui
725 959 831 1019 habero
857 961 964 1035 poterit
989 961 1052 1021 eius
1074 961 1259 1021 dominatum.
1298 975 1368 1020 nou
1390 958 1449 1018 eat
1469 956 1582 1017 enims

431 1061 602 1132 potestas
623 1061 699 1122 nisi
720 1079 739 1122 a
759 1062 844 1124 Deo.
880 1063 941 1138 ipso
966 1064 1061 1124 eleuat
1085 1065 1121 1124 do
1141 1067 1266 1124 steroore
1280 1077 1402 1138 manum
1417 1059 1560 1121 etsedere

433 1157 578 1223 balteum
593 1163 769 1238 principibus
784 1165 881 1240 populi
896 1166 957 1238 sui,
982 1165 1100 1241 deponit
1118 1168 1250 1241 potentes
1276 1166 1311 1224 de
1325 1164 1394 1224 sade
1408 1164 1439 1222 et
1453 1161 1561 1222 exulat

431 1261 564 1337 humiles,
579 1267 613 1324 ut
627 1265 760 1326 subditus
774 1267 826 1326 ilat
840 1267 931 1327 omnis
945 1270 1067 1328 mundus
1079 1268 1139 1328 Deo
1154 1271 1185 1328 et
1199 1269 1284 1342 egeat
1298 1265 1392 1341 glorie
1405 1264 1468 1324 Dei.

714 1449 966 1512 CHRISTIANVS
995 1451 1283 1514 commestis

402 1588 421 1646 'l
474 1582 618 1657 Septimus
632 1585 778 1646 abusionis
791 1589 898 1661 gradus
920 1593 966 1648 est
986 1588 1168 1649 Christianus
1190 1589 1403 1660 contentiosus,
1429 1585 1479 1660 qui
1494 1595 1594 1645 eumue

432 1683 680 1758 perticipationem
705 1687 954 1749 uominiechristi
979 1691 1140 1764 perfidem
1166 1693 1196 1750 et
1221 1689 1396 1764 baptismum
1423 1685 1559 1760 sueoepit,

430 1787 531 1846 oontm
545 1785 653 1847 Christi
667 1788 745 1848 dieta
758 1791 789 1849 et
802 1791 979 1865 propositum
992 1791 1092 1851 mundi
1112 1793 1220 1852 oaduoa
1235 1789 1443 1850 deleotamenta
1453 1785 1558 1862 diligit

431 1901 513 1946 omne
527 1887 603 1947 euim
618 1889 694 1962 quod
719 1891 898 1950 oontenditur
911 1894 962 1950 aut
975 1894 1094 1966 propter
1108 1893 1253 1966 propriam
1278 1891 1342 1950 eius
1363 1891 1405 1950 rei
1427 1888 1559 1948 dileetio·

429 2003 495 2047 uem
520 1989 555 2048 do
580 2007 637 2064 qua
650 1989 749 2064 agitur
773 1994 824 2052 aut
844 1994 960 2068 proptor
985 1992 1107 2053 ulterim
1132 2009 1257 2054 amorem
1283 2009 1356 2065 quae
1383 1991 1437 2050 eub
1462 1991 1560 2049 odiose

430 2091 525 2164 speeie
544 2090 618 2150 latet
644 2093 799 2166 appetitur.
826 2096 1069 2182 quemadmodum*
1087 2093 1168 2154 uerbi
1187 2093 1284 2169 grstia
1303 2093 1410 2152 bellum
1431 2092 1557 2152 animoso
1567 2107 1592 2147 re

428 2191 671 2266 eonpugnantium
705 2193 838 2254 eondiatu
875 2212 940 2254 oum
976 2196 1075 2256 odiose
1108 2213 1156 2256 res
1190 2196 1248 2270 eit,
1291 2198 1407 2270 proptor
1435 2209 1560 2254 amorem

429 2292 566 2353 uiotoriao
598 2296 629 2353 et
654 2295 797 2356 libertatis
823 2298 986 2371 peragitur,
1017 2300 1047 2358 et
1074 2298 1181 2358 multae
1209 2298 1286 2357 uliae
1314 2297 1435 2356 dileotae
1465 2295 1559 2369 speei-

428 2409 460 2453 es
485 2394 540 2452 euh
561 2395 658 2455 odioso
695 2397 792 2458 labore
821 2397 869 2457 uel
897 2398 1047 2459 formidine
1076 2400 1149 2458 eatis
1177 2397 1353 2459 eontentiose
1375 2397 1556 2471 expetuntur.

429 2494 503 2554 unde
539 2499 672 2571 patenter
706 2497 885 2572 intellegitur
908 2499 981 2559 nihil
1006 2501 1156 2572 eontoudi,
1193 2500 1250 2560 nisi
1282 2502 1399 2574 propter
1427 2497 1557 2558 dileetio-

428 2611 493 2655 nem
522 2599 743 2672 subsequentem
777 2599 886 2660 soilieet
907 2601 1058 2662 amabilem
1085 2601 1349 2662 remunerationem.
1388 2601 1439 2675 qui
1467 2601 1592 2675 igitmeo

428 2699 564 2758 mundum
603 2705 781 2774 praesentem
815 2719 850 2762 ox
886 2719 1060 2777 quecumque
1095 2719 1181 2764 eausa
1214 2702 1377 2776 oonteudit‚
1409 2703 1557 2778 perspioue

428 2800 588 2859 ostenditur
617 2802 753 2860 mundum
782 2803 911 2876 diligere,
940 2806 1015 2877 quod
1050 2823 1101 2878 por
1131 2805 1287 2865 Iohannem
1316 2805 1434 2879 spiritus
1464 2807 1556 2866 saneti

496 2979 609 3038 bitom.
631 2980 712 3048 13,1.
729 2979 774 3035 Pe.
793 2981 851 3045 112,
871 2982 895 3037 7.

496 3147 566 3218 lot]
585 3149 665 3206 uelo
766 3151 785 3205 2
803 3152 900 3222 igitur]
918 3169 982 3222 ergo
1000 3171 1018 3209 o
1120 3155 1235 3210 ildeio
1348 3155 1554 3210 4dominormu

426 3247 477 3286 oea.
498 3232 566 3287 G¹V
662 3237 798 3304 5poterit
814 3237 944 3294 haberes
1042 3239 1113 3294 euim
1132 3241 1209 3294 sato
1306 3239 1398 3309 dipsa
1416 3240 1522 3296 animo

425 3317 443 3370 7
460 3319 489 3370 et
506 3317 617 3387 deponit
633 3336 660 3389 p.
672 3339 698 3386 o,
714 3324 837 3390 potentes
854 3323 963 3392 deponit
974 3325 1005 3378 X
1078 3326 1111 3379 11
1123 3327 1238 3395 suscipit
1252 3325 1330 3389 (ΡΧ,
1348 3326 1522 3395 emooperiee

426 3399 460 3454 12
476 3399 551 3456 dieta
568 3404 648 3474 etp]
667 3409 792 3474 preoepta
808 3407 839 3460 X
964 3410 998 3464 13
1016 3409 1094 3479 quod]
1113 3409 1146 3464 de
1164 3425 1217 3480 quo
1234 3427 1252 3466 o
1378 3412 1500 3465 tonditur
1524 3411 1554 3474 V,

425 3487 564 3556 appetitur
584 3490 639 3543 ΟΧ
653 3491 702 3546 sed
718 3493 751 3546 aba
770 3497 794 3546 0
813 3496 894 3562 appot
909 3496 941 3549 ise
958 3511 1014 3550 rue.
1031 3500 1104 3552 eea
1235 3497 1275 3550 rei
1292 3495 1497 3551 delectationem
1515 3496 1553 3560 Χ,

424 3570 623 3629 dilectationem
642 3578 680 3631 rei
702 3577 730 3631 V
851 3581 885 3634 14
900 3580 934 3636 de
951 3582 1013 3650 que]
1032 3597 1085 3650 qua
1106 3582 1133 3635 V
1255 3583 1289 3636 16
1306 3585 1473 3652 pugnantum
1496 3582 1522 3636 V

425 3671 486 3710 eum
503 3673 554 3712 osa.
571 3659 604 3714 X
697 3661 732 3716 fit
748 3663 780 3718 X
882 3666 915 3719 ll
932 3666 1050 3722 deleotae
1067 3667 1110 3722 X¹
1197 3669 1230 3724 19
1247 3667 1319 3722 nihil
1340 3667 1413 3732 0¹1¹,
1431 3667 1465 3720 ad
1483 3665 1554 3720 nihil

425 3741 500 3796 aliud
515 3745 584 3798 (ΡΧ
655 3749 779 3803 oontendi
793 3751 818 3803 G
829 3750 862 3804 ies
870 3766 935 3814 raa,
952 3752 1110 3806 oonteudere
1127 3769 1205 3822 posse
1224 3756 1253 3817 V,
1271 3753 1396 3807 eoutoudi
1413 3769 1520 3821 poeeeo

423 3828 460 3882 20
476 3827 680 3900 subsequentem
701 3834 806 3888 seilieet
825 3834 886 3900 GV,
908 3839 1044 3905 speratim
1067 3837 1172 3891 soilieet
1195 3839 1244 3892 aut
1265 3840 1420 3906 sequentem
1437 3837 1475 3900 X,
1493 3853 1553 3906 spe-

423 3915 514 3968 ratam
531 3916 636 3971 seilioat
652 3920 681 3972 et
698 3919 902 3988 subsequentem
920 3938 938 3976 o
1031 3922 1228 3991 amabilemque
1249 3922 1276 3977 V
1371 3924 1405 3978 21
1422 3939 1459 3976 m.
1476 3939 1552 3992 prae·

423 4001 527 4054 senum
548 4002 621 4067 ΟΨ,
640 4002 669 4057 in
687 4004 786 4058 mundo
803 4009 938 4075 praesenti
959 4009 1034 4072 G²X,
1052 4006 1085 4060 de
1102 4024 1138 4063 m.
1157 4009 1331 4077 praesentes
1410 4009 1445 4062 22
1463 4011 1552 4062 osteu-

423 4083 466 4137 dit
482 4102 512 4151 e3
530 4085 602 4155 quod
619 4087 699 4144 illum
716 4089 811 4160 diligit
827 4091 941 4146 mundus
959 4093 1024 4148 add
1041 4094 1084 4160 X;
1102 4094 1172 4162 quod
1190 4095 1269 4148 illum
1286 4093 1389 4162 diligit
1414 4092 1552 4160 Quomodo

423 4185 488 4239 orgo
504 4172 606 4230 oddo
725 4175 853 4232 mundum
871 4177 983 4247 diligere
1001 4179 1072 4248 quod
1091 4179 1152 4246 GV,
1170 4195 1250 4249 quem
1266 4179 1349 4248 diligi
1368 4179 1407 4244 X,
1424 4178 1552 4236 muudum

422 4255 503 4327 diligi
519 4275 537 4314 e
640 4259 782 4316 iohannem
800 4263 951 4332 apostolum
969 4263 1002 4318 Χ
