4016 5054
625 395 671 449 De
689 395 947 466 singularitate
965 395 1167 450 elericorum
1184 410 1207 449 c
1226 394 1338 451 19-21.
1487 396 1549 463 197

409 554 569 616 maioribus
580 555 787 629 protestamur:
800 571 864 615 cum
870 552 973 614 Helias
980 553 1078 628 ipsein
1085 552 1222 628 angustia
1232 553 1406 614 constitutus
1418 551 1547 627 inparem

412 672 445 717 ea
459 657 592 732 patribus
614 657 675 717 suis
689 658 757 716 ante
778 656 870 718 Deum
884 655 1027 717 fateatur:
1060 654 1250 729 numquid,
1273 653 1390 730 inquid,
1412 653 1550 716 melior

413 776 490 820 eum
503 758 678 834 patribus
692 759 802 820 meist
824 759 880 820 boc
893 758 997 819 Helias
1010 758 1046 817 de
1061 759 1290 819 antecessoribus
1305 757 1366 818 suis
1380 756 1411 816 in
1425 756 1549 817 infirmi-

412 863 476 921 tate
491 877 543 921 ena
559 861 673 942 sugitur
688 861 864 922 exclamare:
892 863 922 920 ot
945 877 998 921 nos
1014 859 1116 920 ileliae
1138 859 1187 919 uel
1201 859 1351 935 prophetis
1365 861 1396 920 et
1409 857 1549 934 apostolis

389 965 444 1026 sot
457 963 577 1024 Domino
592 963 731 1023 mrtutom
745 965 874 1023 nostram
888 979 945 1022 non
960 962 1127 1023 dubitamus
1141 965 1288 1037 aequam
1310 961 1393 1022 uideo
1407 960 1492 1035 plane
1506 959 1549 1022 sie

411 1067 490 1142 apud
504 1083 557 1127 noe
572 1064 678 1127 calcari
692 1065 861 1138 scantiam,
884 1062 960 1126 sicud
973 1063 1100 1140 apostoli
1115 1064 1233 1140 propria
1247 1067 1351 1124 cuneta
1363 1063 1547 1124 dimiserunt.

412 1169 498 1229 uideo
513 1168 660 1244 crapulam
674 1172 705 1228 et
720 1168 890 1228 ebrietatem
905 1168 948 1228 eie
961 1168 1071 1228 nostrie
1085 1167 1227 1228 conmuiis
1242 1168 1360 1243 amma,
1385 1165 1461 1226 sicut
1476 1182 1548 1240 apo-

411 1272 480 1332 stoli
495 1271 570 1331 nihil
584 1271 724 1332 babentes
736 1271 902 1346 frequentor
916 1271 1009 1332 coacti
1030 1273 1099 1330 eunt
1113 1270 1233 1331 esurie.
1249 1284 1388 1345 cognosco
1403 1267 1502 1328 taliter
1515 1268 1549 1328 iu

412 1375 497 1434 nobis
512 1373 619 1434 ieiunia
633 1373 713 1433 sitim
728 1374 834 1434 famem
847 1372 1009 1433 nuditawm
1024 1375 1143 1448 propter
1154 1371 1324 1432 instantiam
1338 1369 1485 1431 doctrinas
1500 1385 1548 1430 so·

377 1475 473 1536 solius
488 1475 594 1549 ubique
609 1475 728 1550 pollere,
750 1475 826 1538 siout
842 1476 872 1536 in
886 1475 1026 1550 apostolis
1040 1473 1165 1550 legimus
1178 1474 1382 1550 triumphasse.
1398 1476 1428 1535 et
1443 1473 1550 1548 adpro·

413 1578 501 1638 batur
525 1579 602 1652 apud
627 1594 680 1638 nos
706 1579 806 1638 eadem
829 1577 1091 1638 enoratistarum
1106 1577 1264 1650 uirtutum,
1286 1576 1390 1651 quibem
1405 1575 1551 1650 apomloe

413 1679 511 1741 omnia
536 1679 610 1740 uitia
625 1681 812 1741 tremuerunt.
842 1679 928 1754 plano
944 1678 1137 1754 qudraginta
1157 1678 1268 1739 diorum
1283 1677 1421 1739 ieiunium
1434 1675 1550 1737 Domini

412 1781 586 1840 meditamur
606 1783 636 1839 et
650 1781 792 1842 orationes
814 1779 1004 1854 excubiasque
1019 1781 1123 1854 quibus
1143 1780 1195 1840 ille
1210 1797 1262 1854 per
1277 1781 1448 1841 solitudines
1462 1781 1550 1839 etiam

413 1882 532 1942 silentia
545 1883 686 1942 nocturna
699 1883 860 1956 rumpebat.
891 1881 1029 1957 numquid
1057 1881 1168 1944 similes
1198 1898 1307 1957 mones
1332 1881 1570 1956 sequerianus-

376 1986 514 2045 rscontra
527 1983 687 2042 luctamina
712 1984 848 2044 uitiorum
872 1985 902 2042 et
928 1983 971 2043 sio
985 1983 1098 2058 agium
1123 1985 1218 2058 ngare
1245 1985 1416 2045 auctoritato
1437 1982 1550 2058 uigiliis

413 2084 599 2160 passionibus
613 2084 711 2144 bbere
725 2084 896 2146 necomitatc
911 2083 1097 2145 afflictatione
1112 2083 1299 2158 abstinentia,
1314 2084 1418 2161 quibus
1432 2087 1551 2159 morata

413 2186 571 2258 mantus,
587 2187 621 2245 ut
635 2201 717 2245 nemo
732 2187 768 2245 de
782 2185 865 2245 uobis
879 2187 950 2246 mali
964 2184 1076 2260 aliqud
1087 2185 1272 2260 suspicetur?
1286 2202 1338 2260 por
1353 2201 1427 2260 quae
1440 2185 1551 2245 Paulus

413 2288 563 2361 apestolus
578 2288 783 2349 dormientium
797 2305 878 2348 suam
893 2287 1054 2348 innotuisse
1069 2289 1200 2349 omnibus
1215 2287 1365 2362 gloriatum.
1381 2287 1419 2348 iu
1440 2288 1549 2349 omni·

415 2390 499 2462 bue,
522 2389 632 2464 iuquit,
656 2389 950 2450 commendantes
972 2393 1115 2451 uosmet
1143 2391 1248 2464 ipsos
1270 2389 1377 2464 quasi
1398 2389 1463 2450 Dei
1486 2389 1551 2449 mi·

378 2491 576 2564 canistros,
599 2490 636 2550 iu
659 2491 948 2553 sustentatione
969 2491 1103 2564 multa,
1127 2492 1164 2552 in
1186 2492 1393 2568 pressuris,
1425 2491 1461 2552 in
1483 2491 1551 2552 tri-

415 2592 686 2666 bulationibus,
701 2592 1066 2666 iuneceesitstibue,
1081 2593 1118 2654 in
1132 2595 1341 2670 angustiis,
1363 2596 1400 2656 in
1413 2597 1551 2674 plagis,

414 2695 670 2768 incustodiie,
703 2695 740 2754 in
762 2695 995 2770 carceribus,
1029 2695 1066 2755 in
1087 2693 1357 2774 seditionibus,
1385 2700 1423 2759 in
1450 2700 1551 2764 inuo-

413 2797 647 2870 cationibue,
680 2797 719 2856 in
747 2797 956 2869 laboribus,
985 2799 1022 2857 iu
1044 2797 1212 2872 uigiliis,
1246 2799 1283 2860 in
1309 2799 1482 2876 ieiuniis,
1515 2804 1553 2864 in

415 2901 617 2974 castitate,
640 2898 880 2973 inscientia,
914 2899 951 2959 iu
971 2898 1277 2976 longanimitate,
1306 2903 1344 2964 iu
1365 2903 1551 2980 bonitate,

376 3003 456 3062 asin
479 3002 620 3076 spiritu
642 3002 788 3074 sancto,
810 3000 848 3060 in
869 3003 1032 3062 caritate
1054 3017 1123 3061 non
1144 3001 1258 3076 fieta,
1282 3003 1552 3068 inuerboueri·

414 3105 530 3177 tatis,
553 3105 591 3164 in
611 3104 754 3164 uirtute
776 3103 862 3178 Dei,
893 3120 958 3178 por
980 3122 1079 3165 arma
1099 3105 1276 3166 iustitiae
1303 3125 1321 3167 a
1348 3109 1495 3170 dextris
1516 3113 1552 3171 et

415 3207 511 3268 sinis
520 3207 601 3268 trio.
617 3207 655 3267 ad
667 3207 722 3266 luas
735 3207 912 3268 imitationes
926 3207 1032 3267 infirmi
1045 3224 1153 3281 sumus,
1169 3210 1220 3269 sed
1231 3209 1269 3267 ad
1279 3209 1413 3270 mulieres
1428 3210 1551 3271 circum·

414 3310 559 3370 ducendas
565 3308 787 3388 possibilitatem
795 3309 878 3370 nobis
885 3309 1081 3384 wnpamudae
1087 3309 1259 3373 imitationis
1268 3311 1463 3374 adsabeimus.
1475 3316 1552 3388 quod

484 3534 564 3589 2111
582 3535 650 3604 Reg.
670 3535 711 3599 19,
729 3535 771 3590 34,
878 3534 958 3589 1811
976 3534 1035 3590 Cor.
1054 3535 1078 3600 6,
1096 3535 1173 3590 4-7.

484 3765 644 3834 tpatribus
662 3764 882 3836 exprincipibus
905 3766 1018 3822 Orsa
1129 3767 1194 3822 din
1211 3782 1264 3824 ora.
1287 3767 1310 3824 0
1416 3767 1553 3835 611on.

414 3867 466 3905 uos
484 3868 500 3907 a
639 3851 655 3904 'l
674 3851 775 3906 nostris
797 3852 826 3916 0,
845 3851 978 3907 nostrisa
1116 3852 1152 3908 10
1168 3853 1333 3923 adprobatur
1351 3869 1386 3908 aa
1402 3851 1553 3923 adprobate

420 3936 494 3993 Cm.
513 3939 540 4000 2,
558 3935 776 4007 approbanturo
902 3937 935 3991 11
952 3937 1088 4006 apostolos
1106 3954 1143 3993 ss·
1160 3938 1299 4008 spostolus
1321 3937 1350 4002 0,
1369 3937 1520 4008 apostolia

417 4022 600 4076 nunctum
617 4021 761 4077 silentiso
871 4023 1044 4092 rumpetebst
1065 4021 1099 4078 0¹
1209 4039 1309 4094 agones
1332 4023 1391 4080 Os
1410 4023 1427 4079 l
1445 4025 1520 4078 Μ

416 4106 451 4162 15
468 4105 627 4162 luctamiam
649 4107 683 4166 θ’
760 4109 923 4164 ιιιιοιοτίιαῒο
944 4108 975 4174 0,
993 4108 1190 4172 austeritater
1269 4111 1302 4166 16
1320 4108 1499 4166 “dictatione
1522 4109 1552 4174 0,

411 4190 600 4248 afflictiones
681 4191 714 4246 17
731 4207 783 4261 que
800 4209 837 4249 ea
853 4208 934 4262 quem
955 4193 980 4250 0
1063 4194 1100 4250 20
1116 4195 1145 4249 iu
1162 4193 1227 4249 trib.
1246 4195 1276 4249 in
1294 4211 1321 4249 n.
1344 4195 1374 4259 0,
1392 4195 1421 4249 in
1439 4194 1555 4250 tsnhti-

414 4276 516 4332 ouibus
533 4278 563 4332 iu
581 4276 806 4333 tribulationibus
823 4293 839 4332 a
907 4279 943 4334 26
961 4281 991 4334 et
1006 4277 1035 4344 0,
1054 4281 1082 4335 et
1099 4295 1143 4335 so
1211 4279 1245 4334 27
1258 4279 1306 4335 sed
1317 4280 1423 4351 scripsi,
1437 4282 1466 4336 et
1481 4279 1520 4337 ou
