4012 5056
488 519 531 583 20
966 519 1149 588 Appeueiu

487 679 518 734 ot
540 674 656 736 feruens
677 678 774 750 spreto
795 674 935 736 desiderio
954 692 1007 737 suo
1026 678 1184 751 oouqueste
1203 679 1250 736 eet
1270 674 1368 736 dolore
1388 676 1533 750 simuleto,
1550 677 1626 750 quot

488 779 638 838 Hebraeus
653 779 820 840 adolescens
834 781 894 839 uim
909 779 966 840 sibi
980 780 1096 840 molitus
1111 780 1215 840 inisset
1225 779 1332 840 inferre
1346 796 1431 853 quern
1447 779 1512 854 ipse
1525 781 1629 840 comete

488 879 583 938 iuorut
603 880 747 954 inungere.
770 880 912 940 meritelie
933 881 1018 941 erdor
1038 897 1132 940 rerum
1153 880 1263 940 inscius
1284 883 1315 940 et
1334 881 1432 940 uxoris
1447 882 1627 940 accusatione

487 981 617 1054 greuiter
642 982 836 1042 inflammatus
861 981 1031 1042 incenditur.
1054 981 1174 1056 pudicus
1199 999 1268 1044 uero
1288 981 1402 1066 iuuenis
1425 981 1494 1056 quie
1518 982 1623 1043 delicto

486 1082 689 1141 conscientiam
704 1099 762 1142 non
776 1083 903 1154 miscuit,
925 1082 955 1140 in
969 1083 1056 1142 imum
1071 1083 1193 1144 muteris
1207 1082 1345 1142 truditur.
1368 1085 1418 1143 sed
1433 1083 1495 1145 sole
1510 1099 1566 1142 non
1581 1089 1647 1144 ests

487 1185 517 1244 in
538 1199 649 1246 cercere
671 1183 826 1257 pudicitia:
849 1200 915 1244 uem
935 1187 981 1245 est
1000 1200 1063 1244 oum
1089 1185 1193 1259 Ioseph
1214 1184 1292 1245 Deus
1313 1188 1344 1245 et
1363 1188 1499 1245 nocentes
1523 1185 1628 1245 deutur

486 1287 517 1344 in
531 1301 616 1344 manu
631 1285 704 1354 eine,
720 1286 789 1359 quie
802 1285 866 1359 ipse
881 1287 1015 1345 innocens
1035 1286 1138 1346 fueret.
1154 1287 1329 1346 somniorum
1343 1289 1491 1362 praeterea
1506 1287 1627 1347 obscure

486 1387 635 1457 dissoluit,
662 1386 731 1459 quie
756 1387 877 1460 spiritus
902 1387 933 1445 iu
957 1387 1144 1462 temptatione
1170 1386 1328 1462 uigilebet,
1354 1392 1385 1449 et
1408 1406 1459 1464 per
1482 1389 1627 1448 domiuum

486 1486 627 1547 liberetur
641 1504 660 1545 e
674 1485 810 1548 uinculis.
833 1487 884 1561 qui
903 1488 933 1548 iu
955 1488 1037 1548 domo
1057 1487 1150 1548 minor
1168 1505 1234 1550 cum
1254 1488 1380 1563 periculo
1399 1489 1510 1561 fueret,
1530 1489 1626 1564 regine

487 1591 587 1650 domus
607 1589 670 1648 sine
690 1590 817 1663 periculo
840 1591 970 1651 dominns
991 1591 1109 1652 effeetus
1124 1593 1186 1652 eet:
1208 1593 1395 1666 generositati
1410 1609 1479 1652 sune
1494 1591 1624 1653 redditus
1635 1610 1663 1649 ro

488 1691 611 1750 fructum
632 1689 789 1765 pudicitiae
811 1694 841 1751 et
862 1691 1039 1752 innocentiore
1060 1691 1119 1752 Deo
1130 1691 1228 1753 iudice
1242 1709 1261 1753 e
1275 1709 1331 1768 quo
1346 1696 1489 1753 merueret
1503 1693 1623 1766 accepit.

458 1793 476 1848 9
529 1793 583 1851 Sed
604 1809 661 1850 nou
682 1791 778 1850 miuus
800 1807 835 1850 ex
856 1795 938 1867 perte
959 1792 1074 1853 diuerse
1094 1792 1172 1852 eliud
1193 1795 1275 1854 nobis
1295 1794 1451 1869 pudicitiae
1472 1795 1566 1854 similo
1588 1794 1624 1854 de

485 1895 662 1954 coutinentia
681 1893 852 1954 feminarum
874 1895 1000 1955 exoritur
1019 1896 1187 1970 exemplum.
1210 1895 1275 1966 fuit,
1296 1897 1330 1957 ut
1346 1896 1479 1972 legimus,
1494 1896 1624 1956 Susanna

486 1995 547 2054 iilic
560 1995 688 2066 Helene,
704 2012 775 2054 uxor
790 1996 918 2055 Ioechim
931 1997 1124 2069 pulcherrime
1135 1997 1218 2068 fecie,
1233 1997 1382 2071 pulchrior
1395 1999 1533 2058 moribus.
1549 1999 1624 2057 henc

485 2096 596 2155 nulium
611 2096 648 2155 ed
663 2097 793 2155 decorem
807 2097 1013 2156 conmeudebet
1027 2099 1151 2170 species:
1174 2097 1295 2170 simplex
1315 2097 1392 2157 euim
1412 2101 1484 2158 eret.
1506 2097 1622 2158 excolu·
1634 2115 1662 2152 re

486 2201 548 2258 oret
568 2197 709 2271 pudicitie
728 2199 759 2255 et
778 2214 842 2256 cum
862 2197 1002 2270 pudicitie
1021 2198 1084 2258 sole
1103 2201 1216 2258 neture.
1240 2199 1314 2258 hene
1335 2198 1545 2258 executoribus
1567 2197 1623 2258 duo

486 2301 640 2372 coeperant
654 2297 794 2370 deperire,
820 2297 895 2356 nihii
919 2314 1057 2359 memores
1081 2315 1134 2358 nec
1159 2299 1251 2359 diuini
1279 2299 1391 2360 timoris
1413 2301 1465 2359 eod
1487 2317 1540 2360 uec
1554 2317 1623 2360 euee

486 2400 571 2458 eunis
579 2399 636 2458 iem
647 2399 851 2459 mercesceutie
862 2400 982 2460 eetetim
993 2401 1036 2460 ite
1050 2399 1116 2460 ilios
1132 2399 1163 2460 iu
1177 2401 1332 2474 flegreutie
1344 2403 1506 2461 treueeotee
1521 2399 1623 2460 iuuen-

485 2501 559 2560 tutis
585 2498 718 2558 incendie
742 2483 886 2559 recidiuee
911 2499 1041 2560 libidinis
1067 2501 1181 2561 flemme
1201 2502 1372 2561 reuonebet:
1401 2502 1556 2576 pudicitiae
1577 2501 1622 2560 ie-

486 2604 583 2659 tronos
594 2615 718 2658 amorem
731 2599 912 2672 confitentur,
929 2601 980 2660 sed
990 2602 1117 2661 oderent.
1133 2602 1280 2662 resistenti
1295 2603 1440 2661 minentur
1454 2601 1621 2674 celumuies,
1633 2617 1663 2656 eo

591 2813 625 2866 13
642 2813 677 2867 os.
695 2815 768 2866 Dan.
787 2813 829 2868 13.

556 3018 572 3071 1
589 3030 638 3069 suo
656 3031 707 3070 one.
726 3014 753 3068 Ζ
853 3017 872 3070 Ζ
893 3017 948 3070 cet·
969 3015 1082 3071 hebreus
1100 3016 1132 3070 K
1238 3015 1282 3072 ed.
1301 3017 1367 3086 nim]
1387 3015 1549 3071 edoleseinm
1567 3017 1594 3070 Ζ

486 3102 603 3158 molibus
620 3101 653 3156 K
761 3101 868 3171 comete]
886 3101 992 3155 minete
1008 3100 1036 3155 Ζ
1134 3101 1153 3156 e
1175 3099 1272 3156 fuisset
1296 3100 1323 3154 Ζ
1424 3101 1522 3173 uxoris]
1540 3100 1624 3156 hono-

484 3187 522 3241 ris
540 3186 567 3240 Z
650 3185 669 3238 4
685 3184 828 3254 inpudicus
844 3185 872 3238 Z
949 3200 1012 3240 uero
1029 3201 1081 3239 one.
1099 3186 1127 3238 Ζ
1210 3185 1329 3240 oimem
1346 3186 1418 3240 K¹Z
1506 3186 1627 3240 treditur

486 3270 544 3325 KZ
637 3271 725 3324 estet
742 3268 771 3323 Ζ
863 3267 880 3322 6
898 3270 926 3322 et
942 3270 1075 3339 nocentes]
1094 3268 1247 3323 iunocenter
1264 3268 1294 3323 Ζ
1384 3270 1401 3323 ‘i
1419 3270 1448 3324 iu
1466 3271 1557 3339 menn]
1576 3269 1627 3323 sub

485 3353 656 3410 menibnsZ
766 3353 928 3422 iponem
1029 3352 1227 3408 SdissoluiK
1328 3353 1593 3424 quie-..etmel

484 3437 696 3496 tiiiberetueZ
804 3436 920 3507 eleiZ
1034 3438 1315 3493 minorcnmom.Z
1415 3439 1594 3494 summm

484 3526 584 3595 ruent]
603 3522 650 3578 scd
666 3523 757 3577 ineret
769 3521 797 3576 Z
911 3521 1055 3577 rodomus
1072 3523 1145 3592 regie
1157 3522 1185 3576 Ζ
1297 3522 1424 3592 periculis
1435 3523 1463 3576 Ζ
1575 3523 1625 3592 eet]

484 3610 555 3664 ciZ
628 3607 661 3663 11
680 3594 1086 3674 ‹i‘o'Kecdoe'nroe‚deZ
1158 3607 1399 3678 equolquemZ
1476 3607 1626 3662 lteimilie

485 3695 517 3749 K
522 3695 556 3748 ΙΖ
650 3692 687 3749 14
704 3693 763 3747 iilie
784 3692 902 3748 eelohiee
918 3691 951 3746 K
955 3732 962 3756 ‚
980 3692 1065 3747 elohio
1082 3692 1140 3746 filie
1158 3691 1186 3746 Z
1278 3691 1347 3746 fecie
1364 3707 1414 3747 ene.
1433 3691 1481 3748 Kc
1565 3692 1626 3762 pul·

437 3791 441 3797 ·
485 3777 635 3834 chrioribus
651 3776 686 3831 K
771 3778 804 3832 15
821 3775 926 3830 nollem
944 3775 971 3828 Ζ
1054 3773 1278 3831 commendebeut
1293 3778 1322 3829 in
1340 3777 1428 3846 specie
1446 3776 1473 3830 Ζ
1557 3775 1624 3845 eret]

484 3879 544 3919 cem
562 3863 590 3917 Ζ
702 3861 736 3916 16
753 3859 912 3931 pudicitiem
930 3859 972 3914 11¹
1085 3875 1117 3916 ex
1133 3861 1164 3932 e]
1183 3859 1302 3916 seniores
1320 3860 1348 3915 Ζ
1466 3861 1499 3915 17
1516 3860 1625 3915 timoris

485 3949 571 4003 diuini
589 3947 615 4002 Ζ
719 3947 776 4002 ruis
793 3947 821 4000 Z
923 3944 960 4002 18
971 3947 1117 4000 marcentes
1135 3945 1163 4000 Ζ
1264 3945 1364 4000 uetstie
1382 3960 1433 4000 ore.
1446 3945 1473 3998 Ζ
1574 3944 1625 4014 ite]

483 4049 548 4088 uem
565 4033 593 4088 Ζ
669 4031 819 4101 fregieutie
835 4030 874 4096 K,
891 4029 1063 4101 flegrentiem
1082 4030 1109 4084 Ζ
1185 4032 1358 4086 tremeneotee
1375 4031 1402 4086 Ζ
1484 4031 1518 4086 19
1535 4031 1626 4086 incen-

485 4118 556 4174 oidie
574 4118 602 4172 Ζ
709 4115 848 4172 rodininse
865 4115 907 4172 Ze
1022 4118 1159 4170 reuoceret
1175 4115 1215 4178 Ζ;
1237 4115 1303 4170 edd.
1320 4115 1393 4170 uem
1410 4115 1490 4171 iibere
1513 4113 1628 4170 insidias

485 4203 605 4258 inieuete
622 4202 655 4257 de
673 4201 851 4271 simplicitete
867 4199 976 4255 mulieri
993 4203 1090 4270 pereni
1140 4199 1273 4270 pudicitie
1283 4202 1329 4255 uel
1341 4200 1369 4254 Ζ
1417 4200 1453 4256 20
1465 4215 1556 4254 emere
1568 4199 1595 4253 Ζ

485 4289 646 4359 profitentur
661 4304 680 4343 o
782 4285 897 4342 oderunt
914 4285 942 4341 Ζ
1041 4284 1189 4356 minentur]
1207 4284 1339 4340 limentur
1358 4284 1385 4338 Z
