4012 5056
711 449 756 502 Dc
774 448 862 502 bono
880 446 1076 516 pudicitiee
1094 461 1116 500 c.
1136 445 1250 501 10-12.
1508 448 1552 514 23

404 607 598 683 inpediretur,
628 607 713 684 longe
738 609 824 668 eeeet.
855 607 955 666 noetrc
980 608 1042 666 eet:
1066 605 1109 666 itu
1128 620 1185 665 non
1212 608 1258 666 eet
1284 605 1472 678 munienda,
1500 606 1553 666 eed

407 709 534 772 iouente
547 725 620 786 quoe
635 712 735 770 noetrn
749 713 803 770 eet.

449 811 523 884 Quid
550 813 597 873 eet
622 812 699 872 enim
724 812 804 872 uliud
826 809 968 886 pudicitia
989 827 1076 885 quem
1096 826 1178 870 mene
1199 810 1321 870 honeete
1343 810 1379 869 ed
1394 809 1553 870 custodium
1564 811 1605 871 te

405 913 533 988 eorporis
553 915 632 986 dote,
658 917 692 973 ut
716 913 834 974 nexibus
861 912 993 973 redditur
1019 910 1111 987 pudor
1131 911 1287 972 ueneritnte
1313 909 1447 987 riguum
1466 910 1554 972 tidem

386 1017 521 1090 egenerle
536 1017 572 1078 de
586 1016 753 1090 incorrupte
766 1016 865 1076 eobcle
880 1017 1034 1076 eenuoretl
1058 1013 1216 1088 pudicitiae
1231 1017 1337 1086 eutem,
1352 1013 1468 1086 statue,
1483 1031 1554 1074 con·

405 1118 509 1189 petunt
522 1121 553 1178 ot
566 1117 676 1194 cogniti
691 1121 760 1179 eunt
774 1115 919 1191 inprimis
932 1115 1050 1176 diuinue
1063 1117 1158 1190 pudor
1172 1119 1203 1176 ot
1224 1117 1441 1191 praeceptorum
1452 1118 1554 1178 eunote

405 1218 552 1280 meditatio
575 1221 605 1280 et
625 1219 737 1280 uuimne
757 1235 917 1293 propeueue
937 1217 975 1276 ed
995 1217 1081 1278 fidem
1102 1219 1133 1277 et
1152 1233 1235 1278 mene
1249 1217 1375 1278 ettonite
1389 1219 1426 1278 ed
1441 1207 1553 1278 tucrum

405 1319 590 1395 religionem:
613 1320 716 1381 deindo
735 1321 843 1392 uidere,
864 1335 901 1380 ne
922 1318 992 1394 quid
1013 1318 1045 1378 in
1065 1335 1097 1380 eo
1117 1319 1158 1379 eit
1172 1318 1252 1379 ultre
1266 1319 1380 1380 modum
1396 1319 1552 1393 sculptum,

403 1422 483 1483 ultre
496 1419 679 1484 honestetom
691 1424 870 1498 productum,
886 1421 1007 1496 nequid
1022 1421 1184 1498 prodigum,
1199 1438 1235 1481 ne
1255 1421 1401 1496 quidone
1413 1420 1553 1492 locutum,

369 1538 440 1586 noue
462 1525 533 1599 quid
553 1525 590 1584 nd
615 1524 775 1585 innitendo·
795 1526 848 1584 uut
874 1524 1044 1584 detinendos
1064 1523 1163 1584 oouuloe
1189 1522 1393 1583 lenocinatum.
1428 1539 1484 1582 non
1506 1525 1554 1583 eut

404 1625 509 1698 pudico
530 1641 604 1699 queo
624 1625 752 1687 edlmtut
773 1625 900 1686 animum
924 1625 1046 1686 ultorium
1072 1640 1187 1685 mouere
1209 1624 1298 1684 etiem
1318 1624 1402 1684 eulue
1423 1624 1551 1697 corporis

403 1728 547 1790 coetitete.
570 1727 656 1804 longe
675 1727 774 1788 ubeint
795 1727 900 1801 quibue'
925 1727 1109 1802 pulchritudo
1136 1743 1194 1788 non
1215 1730 1344 1798 ornetur,
1370 1727 1423 1786 eed
1442 1725 1552 1800 proeti-

402 1828 504 1888 tuitnr.
527 1845 593 1888 num
614 1827 776 1890 sollicitudo
796 1829 832 1890 de
851 1828 1068 1902 pulchritudine
1087 1830 1120 1888 et
1132 1829 1226 1888 meino
1247 1827 1354 1888 meutie
1368 1827 1506 1888 indicium
1520 1829 1552 1887 ot

404 1927 594 1990 deformitatis
614 1934 668 1991 eet.
692 1931 733 1991 eit
751 1934 856 1990 nature
876 1946 1027 2005 corporum
1047 1930 1140 1991 libere
1163 1945 1217 1992 nec
1231 1929 1339 1990 diuiuie
1354 1929 1489 2006 operibus
1504 1929 1551 1988 in·

369 2029 516 2091 reseretur
536 2033 592 2090 uie.
615 2049 728 2106 semper
747 2037 792 2092 eet
813 2033 921 2093 misere
941 2049 1015 2105 quoe
1036 2032 1092 2094 eibi
1107 2049 1166 2093 uon
1180 2031 1279 2106 plecot
1293 2032 1390 2107 quelie
1403 2035 1457 2092 eet
1481 2029 1552 2105 quid

403 2133 574 2208 capillorum
596 2136 726 2194 mutetur
744 2134 843 2196 color?
868 2135 937 2209 quid
961 2135 1108 2196 ecdurum
1128 2134 1326 2196 extremitates
1346 2135 1551 2196 suffurantur?

403 2235 472 2310 quid
493 2235 584 2296 tedes
602 2237 714 2297 nutibus
736 2237 767 2297 in
787 2238 934 2298 diuereem
955 2238 1077 2299 lormem
1097 2237 1298 2300 conuertitur?
1321 2237 1391 2311 quid
1405 2240 1552 2311 postremo

404 2339 553 2410 epoculum
568 2338 735 2412 consulitur,
758 2338 816 2398 niei
838 2339 907 2414 quic
921 2357 957 2400 uo
973 2341 1038 2415 ipen
1052 2341 1092 2401 eit
1108 2341 1250 2400 timetur?
1272 2339 1369 2400 cultue
1383 2339 1471 2400 etiem
1485 2355 1550 2400 mu-

404 2439 485 2500 lierie
499 2441 621 2514 pudicee
634 2441 756 2514 pudicus
770 2442 826 2501 eit:
850 2442 1025 2504 adulterium
1040 2441 1136 2503 fldelie
1151 2459 1204 2502 nec
1220 2442 1251 2501 in
1266 2441 1410 2502 oolcntne
1425 2439 1549 2502 nouerit.

365 2559 392 2601 eo
405 2540 536 2600 uentibus
560 2559 662 2601 nurum
688 2542 815 2602 intexere
842 2543 925 2618 queei
951 2544 1046 2617 pretio
1073 2545 1119 2604 oet
1144 2545 1242 2605 uem
1267 2558 1457 2617 corrumpere.
1480 2541 1550 2617 quid

400 2642 478 2703 inter
500 2642 551 2701 tile
569 2644 725 2704 staminum
746 2645 870 2704 delicetn
890 2644 987 2719 rigide
1013 2645 1124 2706 iaciunt
1144 2645 1286 2706 metelle?
1308 2644 1366 2705 niel
1381 2646 1414 2704 ut
1428 2644 1552 2704 fluentes

472 2867 487 2924 1
508 2865 674 2935 impenditur
691 2865 715 2920 ei
734 2866 761 2920 Ζ
835 2869 907 2922 eeeet
924 2869 956 2931 Ζ,
975 2869 1016 2922 eet
1034 2866 1081 2922 eod
1099 2865 1146 2924 Kc
1223 2867 1315 2920 noetrc
1332 2865 1405 2921 enim
1422 2865 1518 2921 mulien

397 2968 450 3008 non
468 2967 521 3008 ocu
540 2951 568 3004 Z
667 2951 820 3007 timendo
837 2952 875 3016 K,
893 2951 1007 3007 truendo
1024 2953 1049 3006 Z
1158 2951 1266 3006 centn
1284 2955 1327 3005 eet
1342 2968 1361 3006 o
1472 2967 1552 3006 ocu·

399 3035 491 3091 etodie
501 3037 528 3090 Z
628 3036 772 3092 teoxubue
790 3037 818 3091 Z
919 3036 1029 3093 deditus
1047 3037 1081 3102 Z,
1099 3036 1219 3092 reditum
1236 3035 1269 3090 K
1376 3037 1551 3091 mneritetem

403 3121 528 3190 tignetm
544 3120 611 3175 tidee
629 3121 656 3174 Z
779 3123 797 3176 o
816 3121 925 3192 geumie
942 3122 981 3186 Z,
1005 3123 1095 3176 cuerie
1113 3122 1156 3186 Κ,
1180 3121 1325 3178 honorico
1453 3121 1551 3176 iretree

402 3222 454 3261 oue
472 3207 500 3260 Z
607 3208 625 3262 6
642 3208 756 3278 cogniti]
774 3209 873 3262 coneto
890 3207 919 3261 Ζ
1028 3207 1123 3277 pudor]
1142 3207 1225 3262 timor
1243 3207 1271 3261 Ζ
1374 3208 1391 3260 l
1410 3207 1551 3277 proponet·

398 3293 436 3358 Ζ,
460 3292 602 3363 proieneue
625 3293 657 3348 K
756 3291 790 3348 uel
813 3291 905 3363 fldem]
929 3296 958 3347 ot
981 3292 1047 3347 tideo
1065 3294 1092 3348 Ζ
1195 3293 1315 3348 uetouitc
1336 3292 1364 3347 Ζ
1465 3292 1484 3346 8
1508 3292 1548 3347 eit

397 3394 486 3435 omo
579 3377 824 3450 modnm1domum
843 3377 871 3432 Ζ
968 3379 1086 3434 ocultum
1105 3378 1157 3444 K¹,
1176 3378 1311 3434 excultum
1329 3377 1357 3432 Ζ
1452 3381 1549 3447 ilprc·

400 3463 511 3518 ductum
528 3463 571 3518 K¹
664 3461 823 3532 prodiguurc
842 3461 881 3527 Ζ,
899 3463 1038 3533 proditum
1057 3463 1104 3519 Kc
1200 3467 1261 3517 orte
1278 3477 1328 3518 oen.
1348 3463 1375 3517 Ζ
1467 3462 1502 3517 10
1516 3477 1552 3518 ne

400 3546 466 3616 quid
484 3562 536 3602 eeu
554 3546 582 3600 Ζ
682 3546 717 3600 ed
734 3562 785 3601 one
805 3547 832 3602 Ζ
935 3551 965 3601 et
982 3546 1179 3603 eudetinendoe
1197 3547 1235 3612 Z,
1260 3551 1310 3602 eut
1326 3545 1551 3616 redintegrnudoe

401 3632 449 3687 Ko
561 3631 668 3686 occuloe
685 3634 718 3696 Ζ,
735 3630 811 3686 dolce
829 3631 877 3687 Ko
991 3631 1203 3688 lenocinentium
1221 3631 1254 3686 Κ
1375 3632 1407 3686 11
1426 3631 1551 3701 etenim]

400 3715 565 3772 adulterium
583 3716 612 3769 Ζ
690 3716 813 3788 Itidem]
832 3719 925 3772 eutem
943 3717 971 3771 Ζ
1050 3720 1080 3772 et
1095 3716 1185 3771 melee
1202 3715 1314 3786 mentio]
1332 3717 1470 3773 ultmoutie
1488 3717 1515 3770 Ζ

400 3805 429 3858 et
447 3801 630 3858 deformitatis
648 3799 777 3856 iudicium
796 3801 824 3856 Ζ
914 3803 948 3858 14
966 3805 1010 3857 eet
1026 3802 1067 3856 eit
1085 3802 1193 3871 nature]
1211 3803 1352 3872 eiguetum
1371 3801 1398 3856 Ζ
1491 3819 1549 3858 cor·

397 3887 509 3958 porieo
596 3886 645 3941 ini.
665 3886 717 3957 uie]
737 3887 793 3941 eniu
811 3887 946 3943 intonen
970 3888 998 3942 Ζ
1089 3888 1123 3942 16
1140 3887 1308 3942 collocentur
1326 3887 1363 3952 K.
1382 3888 1552 3943 intueoeutur

399 3974 432 4038 Ζ,
452 3973 661 4028 mtinecenturo
764 3973 797 4027 ll
815 3974 923 4030 ectibue
935 3973 968 4028 K
1070 3974 1178 4029 dineree
1195 3973 1283 4029 iormu
1295 3974 1322 4028 Ζ
1429 3975 1464 4029 18
1475 3989 1550 4029 eecu·

399 4058 456 4113 lum
476 4058 503 4113 Ζ
648 4057 761 4114 timetur
778 4075 813 4114 no
831 4059 890 4130 ipee
908 4059 946 4113 eit
964 4060 992 4115 Ζ
1144 4059 1267 4114 mulieris
1284 4075 1311 4130 p.
1330 4075 1355 4129 p.
1374 4059 1422 4129 eit]
1441 4059 1550 4114 mulieri

400 4143 533 4214 pudicicie
556 4143 656 4214 pudice
677 4143 722 4200 ted
745 4145 773 4200 Ζ
877 4146 911 4200 19
924 4145 1100 4215 utulterimn]
1119 4144 1153 4200 ed
1171 4145 1298 4200 ultimum
1317 4144 1351 4199 K
1452 4144 1549 4200 fidene.

400 4228 459 4284 Nec
475 4228 509 4284 K
593 4228 630 4284 20
646 4229 731 4284 ucetie
748 4233 791 4285 oet
808 4231 834 4283 Ζ
919 4231 952 4286 21
973 4231 1045 4286 illiue
1064 4231 1177 4285 tunninio
1195 4229 1325 4285 delicetee
1339 4230 1365 4284 Ζ
1450 4230 1551 4299 rigide]

399 4313 469 4370 ilide
486 4315 513 4370 Ζ
614 4318 646 4368 nt
664 4317 683 4370 l.
703 4315 839 4385 humeros]
858 4316 982 4372 muentie
1000 4331 1108 4371 ninerne
1126 4316 1151 4370 Ζ
