4012 5066
439 391 501 456 123
913 379 1096 456 Appendi'x,

438 543 503 605 odio
529 545 634 606 durata
662 561 743 606 mena
768 546 822 606 eet
853 543 997 618 etiamque
1023 543 1143 618 spiritus
1167 543 1286 603 sanctus
1317 541 1347 602 io
1372 543 1417 604 eet
1443 541 1575 604 cbristus

439 646 580 708 Dominus
607 651 705 708 noster
731 645 781 722 qui
805 645 950 721 proiectus
965 663 1002 707 ex
1022 645 1082 706 Deo
1097 648 1180 721 patra
1195 645 1277 706 uenit
1290 647 1325 705 ut
1338 644 1450 706 mluum
1466 645 1575 706 locaret

439 750 516 824 quod
526 749 653 824 perierat
663 749 796 812 Israelis:
813 749 863 824 qui
873 749 964 810 maior
978 767 1012 810 ec
1026 748 1128 810 fortior
1141 749 1180 808 ad
1194 747 1354 824 subigenda
1364 747 1573 809 contumacium

440 850 516 912 oolla
541 853 571 911 in
597 853 729 912 timorem
754 853 800 912 sui
824 851 949 913 nominis
972 854 1003 911 ot
1027 852 1200 927 potestatem
1226 867 1275 912 cos
1301 850 1351 926 qui
1373 851 1512 912 musaeus
1528 850 1573 910 eui

440 951 641 1015 luminationis
666 953 826 1014 claritatem
852 953 998 1014 obstinata
1020 953 1109 1014 etiam
1124 955 1192 1014 tunc
1206 953 1312 1014 mentis
1326 953 1463 1014 caocimte
1486 953 1595 1013 ouras

439 1055 511 1115 bant
525 1057 562 1116 ad
577 1055 710 1116 notitiam
732 1056 874 1117 claritatis
897 1059 928 1116 ot
942 1055 1051 1130 gloriae
1066 1072 1134 1116 suae
1147 1057 1208 1116 tam
1222 1054 1308 1118 iaoilo
1322 1054 1473 1128 conuertit,
1488 1071 1574 1129 quam

438 1159 473 1216 ut
494 1173 593 1218 omues
619 1157 716 1219 saluos
742 1158 849 1220 laceret
874 1157 1056 1232 prouidentia
1070 1157 1186 1219 diuinae
1200 1157 1410 1219 misericordias
1435 1174 1504 1218 suae
1526 1155 1570 1214 oi-

438 1261 546 1334 guatus
560 1259 687 1321 muenia

410 1363 431 1423 8
483 1359 560 1420 Nam
580 1363 614 1420 ut
640 1361 705 1421 duri
730 1363 824 1422 cordis
847 1365 918 1424 tunc
932 1365 963 1423 et
978 1363 1082 1438 impias
1097 1361 1192 1436 plebis
1207 1362 1244 1422 ad
1258 1360 1373 1422 Domini
1387 1363 1494 1422 metum
1509 1361 1572 1436 ipso

430 1459 560 1550 ’Domino
580 1463 797 1538 euangeliaante
820 1479 973 1524 conuersas
987 1467 1099 1525 mentes
1114 1463 1226 1536 siloam,
1252 1465 1286 1524 ut
1300 1463 1493 1538 apostolorum
1509 1462 1608 1524 einana

436 1564 648 1640 praedicatione
684 1565 906 1640 multiplicatum
931 1565 1056 1626 inorbo
1081 1567 1143 1626 toto
1170 1567 1200 1624 et
1225 1565 1365 1626 retorsum
1394 1564 1573 1625 medentium

436 1665 575 1741 populum
601 1666 798 1727 conticitum-z
832 1666 905 1726 illud
929 1667 1108 1740 praeclarum
1132 1669 1221 1740 atque
1248 1666 1432 1727 memorabile
1461 1665 1570 1741 glorio-

437 1784 558 1842 sumque
587 1768 701 1828 Iasonis
730 1768 856 1828 Hebraei
887 1767 1043 1829 Christiani
1063 1771 1093 1829 et
1116 1767 1232 1842 Papisci
1257 1767 1446 1828 Alexandrini
1470 1767 1570 1827 Iudaei

437 1867 654 1944 disceptationis
680 1871 813 1941 occurrit,
839 1870 950 1930 Iudaici
975 1869 1070 1931 cordis
1091 1869 1267 1930 obstinatam
1292 1867 1428 1930 duritiam
1442 1867 1569 1928 Hebraei

437 1970 632 2031 admonitione
646 1988 681 2031 ac
695 1970 754 2031 leni
769 1971 963 2046 increpatione
978 1972 1131 2044 mollitam,
1146 1971 1296 2032 uictricem
1309 1972 1341 2032 in
1354 1969 1471 2046 Papisci
1485 1969 1570 2030 corio
1581 1993 1606 2032 m

439 2071 552 2132 hsonie
583 2073 618 2132 de
640 2071 761 2146 spiritus
790 2073 884 2132 sancti
913 2072 1057 2134 infusione
1087 2073 1263 2146 doctrinam,
1292 2090 1350 2148 qua
1371 2072 1510 2146 Papiscus
1534 2072 1571 2130 ad

439 2171 620 2233 intellectum
648 2173 783 2234 uerimtis
813 2172 954 2234 admissus
976 2177 1007 2235 et
1026 2177 1063 2234 ad
1085 2175 1217 2235 timorem
1239 2175 1353 2234 Domini
1373 2175 1437 2248 ipso
1452 2173 1572 2233 Domino

441 2274 596 2336 obeunte
626 2273 768 2334 formatus
796 2277 827 2334 et
856 2275 950 2335 Iseum
980 2275 1127 2336 Christum
1153 2275 1207 2336 Dei
1236 2275 1328 2336 fllium
1353 2276 1475 2335 credidit
1495 2278 1525 2334 et
1540 2279 1573 2335 ut

439 2375 624 2451 signaculum
662 2379 789 2438 sumeret
825 2378 994 2452 depracatus
1023 2379 1154 2440 Iasonem
1181 2378 1349 2454 postulauit.
1387 2377 1491 2453 probat
1518 2377 1572 2436 hoc

442 2477 588 2551 scriptore
617 2479 836 2539 concertationis
863 2479 999 2554 ipsorum,
1021 2497 1094 2556 quae
1110 2480 1307 2540 collidentium
1321 2480 1397 2540 iuter
1412 2496 1443 2539 so
1456 2477 1607 2553 Papisoiao

446 2579 627 2640 aduemantie
642 2578 760 2640 uarimti
775 2583 805 2640 at
818 2579 930 2640 lunonis
945 2582 1106 2642 adseruatis
1120 2585 1151 2642 et
1171 2581 1344 2641 uindicantis
1359 2579 1571 2657 dispositionem

507 2895 522 2949 1
542 2892 674 2949 obdurata
691 2893 757 2949 Bal.
775 2910 844 2950 aar
963 2895 1047 2950 otiam
1066 2895 1137 2965 qood
1154 2917 1175 2968 μ
1298 2897 1430 2968 spiritus.
1444 2897 1512 2953 ..id
1529 2901 1571 2952 eet

438 2994 489 3034 oce
508 2979 535 3032 Ζ
636 2979 720 3048 aqui
738 2995 789 3036 osa.
807 2997 825 3035 c
932 2981 1077 3052 proiectus]
1095 2980 1243 3050 propbetua
1260 3003 1290 3052 μ,
1308 2997 1355 3050 pro
1373 2999 1401 3036 sc
1418 2985 1493 3038 totus
1511 2983 1539 3037 Ζ

436 3062 558 3133 aalaZ
682 3063 1083 3135 ammonitionum
1209 3067 1539 3136 soprioreciortiorZ

435 3149 480 3220 ao]
499 3165 530 3204 ao
551 3149 600 3204 ΤΖ
713 3149 867 3206 subicienda
883 3171 904 3222 μ
1015 3151 1034 3206 4
1050 3151 1149 3207 timore
1166 3151 1226 3221 Zp*
1336 3155 1472 3222 potestate
1489 3155 1535 3223 Ζμ

435 3232 478 3288 eni
496 3236 571 3304 (suos
583 3235 617 3304 ι’)
634 3234 821 3290 luminationis
835 3236 877 3300 it,
896 3235 1008 3291 luminis
1019 3236 1061 3291 aui
1073 3254 1119 3306 po,
1136 3236 1248 3292 luminis
1259 3237 1286 3292 Z
1355 3238 1373 3292 b
1390 3237 1498 3292 obstina
1512 3238 1538 3292 T

435 3333 512 3373 mana
530 3319 556 3374 Ζ
676 3321 815 3374 naamam
835 3320 862 3375 Ζ
973 3321 991 3375 6
1008 3319 1123 3391 gloriam
1141 3321 1169 3376 Ζ
1289 3336 1353 3376 suae
1368 3323 1426 3376 tam
1443 3337 1494 3377 osa.
1512 3319 1540 3376 Ζ

436 3406 452 3459 'l
471 3421 536 3460 auae
554 3404 663 3461 diuinae
680 3405 912 3463 misericordiane
981 3407 1121 3478 dignatus]
1140 3423 1173 3462 ac
1190 3407 1382 3478 dignationes
1460 3407 1478 3466 9
1496 3409 1569 3478 nam]

434 3508 506 3548 nunc
523 3493 550 3547 Ζ
669 3495 702 3546 ut
719 3508 771 3548 oca.
792 3494 837 3558 ut,
854 3492 884 3547 in
901 3493 930 3548 Ζ
1053 3511 1124 3550 nunc
1141 3495 1172 3559 Ζ,
1190 3511 1241 3550 oea
1259 3515 1279 3564 μ
1404 3493 1438 3548 10
1455 3496 1568 3565 mentes]

435 3593 528 3634 monos
548 3578 576 3634 Τ
671 3577 766 3633 sileam
784 3579 822 3650 ct]
840 3578 895 3633 sibi
912 3579 1004 3634 amitti
1021 3579 1049 3634 Ζ
1144 3579 1319 3651 oiua1matue
1336 3578 1364 3633 Ζ
1459 3578 1492 3634 11
1510 3580 1570 3634 toto

437 3662 502 3721 orbe
520 3681 538 3719 c
606 3664 736 3718 minaeum
752 3664 796 3728 Ta,
813 3679 960 3734 respersam
972 3685 1001 3735 μ,
1019 3665 1197 3720 reionuatum
1209 3666 1243 3732 Ζ,
1261 3679 1395 3720 reuersum
1408 3682 1438 3730 o,·
1458 3663 1494 3730 cf.
1507 3679 1569 3719 oon·

435 3749 521 3804 scmus
538 3749 608 3804 Lac.
627 3752 654 3813 6,
665 3751 703 3804 38
718 3751 751 3804 a'o
763 3749 821 3804 cod.
834 3749 923 3805 mles.
939 3750 1017 3819 apud
1029 3751 1174 3814 [luceium.
1192 3749 1280 3805 tarsus
1294 3750 1366 3804 Tae-t.
1385 3749 1478 3803 leton.
1496 3751 1534 3804 12

436 3833 471 3889 12
487 3833 665 3890 conticescam
682 3823 715 3888 c'
826 3832 905 3890 illum
925 3835 956 3899 T,
975 3833 1042 3890 illuc
1058 3834 1087 3889 Z
1214 3835 1249 3890 13
1265 3833 1383 3904 hebraei]
1402 3832 1491 3889 obiohi
1508 3833 1535 3888 Ζ

435 3919 593 3974 christianis
614 3919 640 3976 Τ
750 3919 786 3975 14
802 3918 1045 3992 dispectaflonisp
1162 3919 1250 3976 cordia
1266 3919 1366 3975 indaioi
1383 3920 1411 3975 Ζ
1519 3919 1567 3973 ba-

434 4002 500 4058 brsa
520 4003 611 4074 1¹th,
628 4004 706 4060 broni
723 4004 787 4059 Bul
807 4021 876 4060 cnr
1045 4007 1080 4062 lb
1097 4006 1273 4062 monitionem
1295 4007 1324 4072 T,
1343 4005 1492 4060 municione
1509 4005 1537 4060 Ζ

432 4091 462 4144 et
478 4088 621 4145 uictricem
639 4089 703 4145 naa
797 4089 912 4162 papisci]
931 4091 1004 4161 pecie
1021 4092 1048 4145 Ζ
1144 4092 1178 4146 16
1194 4079 1274 4163 aput
1362 4106 1442 4160 quam
1462 4090 1534 4145 TZt¹

436 4175 471 4230 18
487 4173 577 4230 fllium
595 4174 638 4230 dai
655 4193 673 4231 n
822 4179 850 4230 st
867 4191 918 4231 oeta
935 4177 964 4231 Ζ
1110 4179 1146 4233 19
1163 4177 1320 4249 designauit
1335 4176 1484 4248 postulauit
1501 4178 1534 4244 μ’

437 4261 489 4316 boc
506 4276 558 4316 oca.
576 4261 602 4315 Z
681 4261 716 4316 21
734 4262 860 4317 ueritatis
877 4265 922 4333 l¹p
1009 4266 1037 4318 et
1054 4263 1219 4321 uindicantia
1236 4279 1287 4320 oon.
1305 4264 1333 4319 Ζ
