4012 5066
753 425 800 482 De
823 424 1087 498 Robaptiamate
1110 425 1232 482 e.1-2.
1518 430 1555 497 71

421 585 533 646 seruari
558 583 712 645 manifeste
727 601 761 645 ao
786 583 903 646 fortiter
929 585 1108 657 ostendatur,
1132 585 1177 644 ita
1196 587 1230 644 ιιι
1253 585 1311 644 etsi
1330 584 1449 659 paribus
1474 602 1559 660 argu·

420 685 527 748 mentis
551 703 586 748 ex
606 688 729 762 utraque
749 689 832 762 parte
853 685 1102 761 nongredorsmur,
1123 687 1220 747 tamon
1243 685 1313 761 quia
1332 703 1389 747 non
1403 689 1516 761 poterat
1530 687 1560 747 id

421 789 498 862 quod
523 788 715 848 innouabatur
740 789 803 848 sine
830 787 1007 848 dissensione
1034 787 1159 847 fratrum
1184 790 1215 848 et
1235 788 1340 848 damno
1366 787 1560 848 eeclesiastico

420 889 589 962 eousistere,
613 889 713 964 utiquo
738 907 796 952 nou
824 890 927 950 debeat
953 888 1112 949 contains
1128 890 1203 964 quod
1230 889 1313 950 aiunt
1328 890 1358 948 ot
1371 889 1455 950 netas
1469 889 1500 949 id
1514 891 1561 950 aet

313 1036 315 1040 .
397 994 522 1054 aeontra
536 991 642 1052 bouum
657 994 688 1050 et
701 1008 825 1066 aequum
840 990 977 1052 eeclesiae
993 989 1081 1049 matri
1101 989 1185 1064 quasi
1206 991 1320 1050 maoula
1334 993 1442 1050 temore
1456 989 1558 1064 infligi,

418 1091 518 1168 eisque
533 1091 584 1168 qui
597 1093 654 1152 boo
667 1091 852 1153 attentarent
867 1091 1002 1151 audaoiea
1023 1091 1110 1150 huius
1125 1093 1213 1165 atque
1228 1089 1388 1164 impietatis
1402 1090 1561 1166 ignominia

418 1193 522 1254 merito
543 1193 661 1255 deberet
680 1193 815 1253 adseribi.
842 1192 893 1252 sed
915 1190 1050 1266 quoniam
1070 1207 1127 1252 non
1148 1193 1195 1252 ast
1208 1191 1240 1251 in
1254 1194 1355 1252 nostra
1368 1194 1511 1267 potestate
1526 1196 1560 1252 ιιι

419 1295 577 1356 maurium
598 1298 782 1370 praeceptum
802 1294 927 1369 apostoli
948 1294 977 1352 id
999 1293 1094 1368 ipsum
1109 1293 1238 1354 disemus
1253 1309 1352 1354 omnes
1366 1310 1440 1355 neue
1454 1293 1559 1355 sintin

420 1397 504 1460 uobis
529 1397 697 1470 sohismatn,
721 1399 819 1457 tamen
833 1397 865 1456 in
880 1397 1019 1473 quantum
1040 1412 1196 1471 possumus
1211 1395 1365 1457 annitimur
1378 1396 1466 1458 huius
1479 1399 1558 1459 trao-

384 1519 410 1561 ro
421 1501 504 1559 tatus
519 1499 629 1559 statum
644 1499 840 1560 demonstrare
855 1501 886 1559 et
899 1498 1078 1559 turbulentis
1092 1497 1259 1559 bominibus
1274 1501 1308 1558 ut
1322 1498 1370 1560 uel
1384 1515 1460 1558 nuno
1475 1515 1558 1559 suum

421 1599 571 1675 nogotium
595 1616 682 1674 agere
702 1600 842 1674 inoipiant
863 1599 1044 1675 persuadere,
1071 1600 1271 1661 nonseeuturis
1291 1600 1447 1676 plurimum
1470 1599 1558 1660 etiam

417 1701 512 1775 nobis,
540 1701 641 1762 sihoo
667 1717 780 1775 quoquo
807 1700 927 1761 oonsilio
954 1718 1024 1761 sano
1049 1702 1169 1761 tandem
1193 1702 1340 1762 noluerint
1363 1701 1558 1776 adquiesosre.

416 1805 448 1863 et
468 1803 532 1863 ideo
556 1818 752 1877 quaeoumquo
772 1805 938 1862 sanaturum
959 1802 1170 1875 seripturarum
1191 1803 1229 1862 ad
1250 1803 1326 1862 bano
1339 1805 1453 1877 partam
1465 1803 1557 1877 perti-

418 1904 519 1965 nentia
533 1905 603 1964 suut
617 1902 745 1978 capitula
758 1903 920 1964 neeessario
937 1902 967 1963 iu
982 1921 1070 1963 unum
1083 1920 1280 1979 congeremus,
1295 1905 1325 1965 et
1339 1921 1413 1980 quae
1423 1903 1558 1964 uidentur

380 2021 480 2071 rassae
501 2005 619 2065 diuersa
637 2007 690 2064 aut
710 2004 793 2064 uaria
813 2007 953 2079 quantum
976 2005 1085 2078 poterit
1106 2004 1260 2066 manifeste
1275 2005 1352 2067 iuter
1366 2021 1398 2066 se
1413 2005 1557 2080 congluti-

416 2107 551 2168 nabimus
577 2109 607 2167 ot
632 2105 790 2166 utilitatem
811 2121 846 2166 ao
869 2107 1048 2166 commodum
1074 2107 1257 2182 singulorum
1282 2124 1334 2182 pro
1360 2095 1556 2168 mediooiitate

415 2213 516 2270 nasim
531 2207 774 2279 examinabimus,
789 2210 824 2265 ut
839 2207 944 2281 agendi
958 2207 990 2266 in
1005 2208 1127 2268 eoelesia
1140 2209 1264 2268 formam
1278 2211 1309 2268 et
1322 2208 1557 2270 eonsuetudiuem

415 2310 636 2370 saluberrimam
650 2311 737 2382 atque
752 2307 901 2382 pacificam
915 2309 1059 2369 uniuersis
1080 2309 1221 2370 fratribus
1236 2309 1424 2370 insinuemus.

456 2410 552 2486 Igitur
578 2408 814 2484 adgredientibus
830 2410 986 2470 mactatum
1007 2411 1144 2471 salutaris
1159 2412 1190 2471 et
1203 2409 1273 2472 noui
1286 2412 1341 2472 hoo
1355 2415 1402 2472 eat
1416 2409 1586 2487 spiritalis2

378 2533 405 2576 eo
414 2513 444 2571 et
459 2512 620 2586 euangelici
634 2511 819 2586 baptismatis
833 2510 865 2570 iu
878 2511 983 2586 primis
997 2513 1124 2573 ooourrit
1137 2512 1290 2573 notissime
1304 2513 1434 2574 omnibus
1444 2512 1556 2589 praedi·

412 2613 488 2674 oatio
504 2614 650 2674 celebrata
663 2616 750 2688 atque
764 2613 866 2686 coepta
880 2613 917 2673 ab
927 2613 1035 2674 Ioanne
1048 2613 1188 2688 baptista,
1204 2614 1256 2690 qui
1269 2614 1449 2690 aliquantum
1463 2616 1556 2676 basoi-

413 2732 496 2776 soens
510 2733 529 2775 a
542 2716 607 2790 loge
630 2715 661 2774 id
683 2718 730 2775 est
743 2714 838 2790 Moysi
859 2713 1059 2788 antiquissimo
1081 2715 1256 2789 baptismate
1271 2717 1302 2776 ot
1321 2717 1400 2776 uiam
1421 2733 1511 2778 nouae
1526 2718 1557 2777 ot

411 2833 497 2878 uerae
526 2817 639 2892 gratiae
664 2817 868 2891 praesternens
891 2815 938 2893 [et]
961 2817 1136 2890 baptismate
1162 2819 1239 2892 quod
1265 2817 1381 2878 iuterim
1405 2819 1557 2879 exornabat

412 2935 504 2993 mnae
519 2922 550 2978 et
564 2918 759 2992 paenitentiae
779 2919 887 2980 sensim
906 2933 992 2979 aures
1011 2918 1183 2980 Iudaeorum
1202 2919 1408 2995 praeueniebat
1427 2921 1458 2980 et
1471 2937 1555 2981 ooou·

374 3020 500 3096 sanabat
526 3019 668 3094 spiritalia
693 3019 878 3095 baptismatis
903 3018 996 3079 futuri
1020 3020 1248 3096 annuntiatione,
1274 3022 1431 3082 adhortans
1456 3038 1505 3082 eos
1525 3024 1557 3082 et

410 3120 526 3181 diosus:
550 3121 613 3196 qui
637 3123 722 3194 post
742 3138 793 3181 mo
814 3120 920 3182 uenit
945 3120 1081 3181 tortior
1100 3138 1152 3182 me
1172 3125 1240 3194 est,
1266 3123 1372 3184 ouius
1397 3138 1460 3197 ego
1487 3139 1555 3182 uon

409 3238 487 3282 sum
518 3219 653 3297 diguus
684 3221 884 3297 corrigiam
915 3221 1157 3284 oaloiamenti
1186 3224 1344 3286 soluere.
1383 3223 1463 3298 ipae
1491 3240 1555 3284 uos

409 3323 625 3398 baptizabit
649 3323 687 3384 in
713 3321 856 3398 spiritu
885 3327 1016 3386 saneto
1042 3326 1080 3384 et
1110 3324 1198 3401 igni.
1227 3329 1346 3402 propter
1371 3328 1446 3402 quod
1470 3326 1555 3387 nobis

411 3440 525 3498 quoque
548 3425 636 3484 huius
657 3425 797 3485 sermonis
817 3441 900 3486 orsus
915 3426 985 3486 hino
999 3426 1126 3500 iunipero
1141 3428 1269 3488 debebit.
1291 3445 1359 3489 nam
1373 3431 1403 3487 et
1416 3428 1555 3489 Dominus

372 3524 487 3588 eobano
516 3526 635 3586 eandem
665 3543 764 3587 uooem
792 3527 910 3588 Ioannis
938 3531 1007 3603 post
1042 3545 1125 3589 suam
1153 3529 1394 3591 resurrectionem
1422 3529 1453 3589 in
1481 3529 1555 3590 aotis

475 3843 511 3900 26
528 3843 630 3899 namn.
648 3843 675 3910 3,
694 3845 736 3899 11.
754 3843 838 3900 Mare.
857 3846 881 3911 1,
901 3846 925 3900 i.
945 3846 1008 3902 nuo
1027 3851 1053 3912 8,
1072 3848 1115 3903 16.
1134 3847 1174 3904 10.
1193 3850 1218 3914 1,
1235 3849 1279 3904 m.

475 4116 491 4169 'i
504 4114 603 4170 debeat
615 4116 676 4188 Εἰς.
750 4118 784 4172 15
795 4119 897 4187 poterit
901 4139 913 4188 ‚·
925 4119 961 4185 of.
974 4120 1078 4176 From.
1091 4127 1122 4191 μ’.
1135 4124 1178 4188 48,
1189 4125 1227 4177 21
1242 4123 1339 4192 (Nat.)
1410 4125 1443 4178 17
1455 4123 1554 4194 agendi

403 4200 514 4268 mosi,
532 4201 640 4256 scendi
658 4203 729 4272 nod„
753 4204 860 4261 tacendi
883 4207 953 4260 noni
977 4205 1129 4276 Riualitas
1148 4207 1288 4263 mandenti
1305 4209 1377 4264 onai
1395 4207 1493 4277 Omna,
1511 4211 1554 4264 et-

404 4284 481 4340 tendi
494 4287 567 4344 noni.
582 4286 723 4344 Balesium
792 4288 829 4344 22
846 4305 938 4360 moyse
950 4290 1010 4348 eod.
1025 4297 1051 4347 et
1063 4309 1089 4359 o,
1108 4293 1211 4364 moysis
1225 4293 1287 4350 Bai
1295 4313 1306 4363 ,·
1325 4294 1360 4360 ef.
1374 4296 1451 4364 epist.
1463 4299 1524 4364 791,
1536 4299 1555 4353 6
