4012 5056
707 393 759 483 *De
775 424 863 483 bono
880 425 1086 496 pudicitiee.
1107 441 1130 482 c
1149 429 1177 484 1.
1471 425 1514 495 13

372 587 460 647 immo
480 603 515 646 ex
536 601 592 661 qno
617 585 724 658 omnis,
749 586 834 659 pstor
854 583 971 645 Domini
995 584 1089 644 nostri
1113 585 1182 644 Iesu
1197 585 1316 662 Ghnisti,
1341 588 1388 647 cui
1404 586 1515 647 lenset

373 690 464 752 honor
478 689 510 749 in
523 689 639 750 soeculo
652 687 841 749 soeculorum.
864 688 931 762 opto
945 703 1009 761 uos,
1024 685 1139 761 tenes,
1154 687 1227 749 bene
1242 687 1348 751 uslere.

843 956 1047 972 m

592 1279 646 1378 Π.
678 1277 752 1376 ΒΕ
783 1276 930 1376 BONO
961 1275 1295 1376 Pvtltltldu.

841 1489 1048 1502 m

416 1672 485 1705 ue·
507 1638 620 1713 aliquas
646 1637 805 1699 officiorum
824 1653 954 1698 meorum
973 1639 1072 1712 partes
1094 1636 1285 1713 praemisse,
1310 1639 1379 1700 dum
1401 1647 1544 1715 semperl

352 1740 468 1805 semitm
491 1740 540 1800 uel
566 1739 688 1800 menime
713 1737 868 1800 cotidianis
894 1738 1109 1814 scengeliorum
1134 1741 1322 1813 mecetibus,
1359 1739 1516 1815 aliquunde

373 1841 457 1903 nobis
471 1840 539 1902 lidei
554 1845 584 1903 et
599 1840 737 1903 scientiae
751 1857 803 1916 per
812 1839 968 1900 Dominum
982 1840 1159 1903 incremento
1171 1844 1330 1916 pressiore.
1352 1841 1421 1918 qnid
1436 1841 1515 1903 enim

374 1943 453 2004 eliud
479 1944 510 2005 in
535 1943 657 2004 ecclesie
675 1942 794 2004 Domini
818 1942 921 2003 utilius
947 1943 1020 2018 geri,
1050 1941 1121 2017 quid
1146 1944 1384 2005 accommodatius
1409 1943 1514 2006 officiis

374 2045 502 2121 episcopi
526 2046 624 2120 potest
645 2044 787 2119 inueniri,
814 2061 901 2121 quem
920 2045 955 2104 ut
976 2044 1108 2105 doctnine
1129 2045 1333 2106 dominicorum
1352 2043 1516 2121 peripsum

375 2147 522 2207 insinuate
546 2147 717 2222 conleteque
743 2148 898 2208 uerborum
927 2146 1041 2221 possint
1071 2147 1222 2209 credontes
1247 2149 1285 2208 ed
1310 2147 1517 2222 repromissum

340 2265 497 2324 sompnum
522 2247 673 2322 peruenire
698 2248 863 2309 coelorum?
886 2249 942 2308 hoc
967 2249 1045 2308 certo
1070 2247 1126 2308 mei
1151 2251 1182 2308 et
1213 2247 1309 2323 operis
1334 2250 1365 2308 ct
1388 2246 1518 2308 muneris

375 2350 550 2411 cotidianum
576 2348 707 2410 uotiuum
727 2349 877 2425 negotium
899 2351 1006 2411 absens
1020 2349 1090 2410 licet
1116 2350 1246 2423 optinere
1260 2349 1370 2411 conitor
1384 2351 1415 2408 et
1429 2364 1515 2423 prse-

375 2452 498 2514 sentism
518 2452 575 2513 mei
595 2450 679 2512 uobis
699 2452 817 2513 reddere
836 2468 890 2527 per
910 2452 1026 2512 litteras
1047 2469 1143 2512 conor.
1167 2452 1235 2511 dnm
1256 2467 1308 2512 uos
1327 2450 1417 2512 solito
1437 2467 1518 2512 mone

375 2553 596 2616 allocutionibus
616 2553 714 2614 missis
735 2554 765 2614 in
786 2552 842 2615 fide
864 2553 1028 2628 interpello,
1043 2551 1107 2613 ideo
1122 2552 1270 2625 condomio,
1285 2555 1319 2612 nt
1333 2551 1518 2626 euangelicos

374 2655 482 2716 nedicis
496 2655 632 2716 firmitate
646 2655 764 2716 solidati
779 2656 919 2715 ednersus
940 2655 1037 2714 omnis
1051 2654 1160 2715 diaboli
1180 2653 1291 2728 proelis
1304 2653 1390 2713 stetis
1405 2668 1519 2726 semper

341 2756 490 2818 cernat.
516 2757 666 2817 absentem
691 2773 737 2817 me
763 2773 821 2816 non
837 2755 968 2828 credam,
995 2755 1022 2816 si
1047 2755 1129 2815 tuero
1145 2771 1272 2816 securus.
1297 2771 1398 2815 uerum
1421 2755 1519 2814 umen

445 3040 461 3095 1
479 3039 563 3095 immo
579 3054 631 3095 om.
649 3037 678 3094 Ζ
762 3037 780 3094 2
797 3038 976 3109 somniorum]
994 3053 1073 3094 emen
1090 3037 1156 3094 cdd
1175 3037 1221 3109 Ζμ
1307 3040 1405 3107 opto..
1419 3035 1521 3094 uslere

374 3143 425 3182 ooo.
442 3143 480 3197 op
582 3139 686 3194 semper
702 3123 771 3178 bene
781 3140 801 3180 o
904 3123 1004 3195 udus]
1024 3140 1102 3179 emen
1119 3125 1185 3179 add
1203 3141 1228 3180 o.
1248 3153 1282 3165 -
1299 3123 1340 3178 De
1356 3123 1520 3194 spectaculis

377 3211 488 3283 explicit
504 3211 538 3276 Ζ,
556 3225 607 3266 ont
624 3226 671 3281 rp.
683 3239 715 3250 -

445 3295 549 3366 Incipit
565 3296 598 3351 de
614 3295 685 3350 bono
701 3293 852 3364 pudicitiee
870 3295 912 3362 K,
931 3295 1034 3364 Incipit
1050 3293 1084 3349 de
1100 3294 1236 3364 pudicicie
1253 3295 1287 3348 Ζ.
1301 3323 1331 3334 -
1346 3293 1367 3351 4
1384 3298 1451 3348 ceos
1469 3292 1521 3347 eli-

374 3398 442 3453 qnes
459 3383 578 3437 tamem
593 3380 701 3452 dcem
718 3379 825 3444 addidi,
844 3380 873 3433 Ζ
886 3380 929 3434 etc
950 3381 1065 3449 incipit:
1092 3379 1227 3449 pudicicie
1248 3378 1336 3435 lorice
1353 3381 1382 3434 et
1400 3379 1454 3448 ipsi
1471 3391 1523 3433 nos

377 3467 455 3522 scitis
476 3469 543 3521 tunc
559 3466 666 3536 quondo
683 3452 760 3519 meti
776 3465 848 3536 apud
866 3450 984 3534 nospsos
1002 3480 1088 3519 essem
1107 3464 1213 3533 sliquos
1333 3465 1435 3534 portes]
1454 3463 1522 3520 add.

375 3553 411 3610 Κ
423 3555 456 3608 tn
472 3569 557 3624 turp.
578 3555 643 3608 m
660 3558 687 3607 ct
704 3569 736 3608 o:
758 3568 815 3607 non
837 3552 952 3607 eeetimo
1056 3549 1073 3606 6
1091 3550 1229 3621 sdmtiec]
1253 3551 1403 3606 mutentise
1420 3550 1454 3605 K

376 3640 452 3711 quid]
471 3641 519 3710 qui
535 3640 564 3693 Z
664 3637 802 3694 'idomini
819 3654 845 3694 u.
864 3638 924 3710 geri
941 3654 993 3693 om.
1012 3637 1039 3692 Ζ
1142 3637 1341 3692 accomodatius
1358 3651 1409 3691 oen.
1427 3637 1456 3692 Ζ

377 3725 475 3782 officiis
492 3725 599 3794 scripsi,
618 3723 704 3779 officii
714 3753 729 3780 ι
746 3723 785 3788 Κ,
803 3724 833 3778 in
845 3723 945 3779 officiis
958 3725 991 3788 Ζ,
1010 3723 1100 3778 edicio
1118 3739 1138 3779 o
1234 3724 1252 3778 8
1269 3721 1464 3776 dominicorum
1481 3721 1522 3792 K,

378 3809 535 3866 diuinorum
551 3810 595 3865 Ze
690 3809 708 3864 9
725 3809 877 3880 uerborum]
895 3823 1041 3864 neruorum
1058 3810 1086 3863 Ζ
1175 3809 1263 3879 possit
1279 3809 1308 3863 Ζ
1399 3805 1434 3862 10
1451 3807 1524 3862 certe

378 3894 860 3965 esoertossergopudiceeetz
948 3894 1191 3962 poiueetoenz
1287 3890 1524 3962 mnnendsJimmi·

377 3996 444 4036 uene
463 3981 490 4036 Ζ
625 3979 659 4034 11
677 3979 781 4034 conitor
798 3979 836 4050 et]
855 3978 995 4044 contineor
1012 3980 1041 4032 et
1058 3977 1102 4044 K,
1119 3978 1290 4049 contingeret
1307 3977 1333 4032 Ζ
1476 3991 1525 4046 per

378 4065 486 4121 littoreo
504 4065 686 4136 praesentium
703 4080 791 4120 mecm
809 4064 889 4119 uobis
905 4063 1015 4119 reddere
1031 4080 1049 4118 o
1166 4064 1199 4119 ns
1216 4063 1306 4132 conor]
1324 4062 1446 4118 consolor
1464 4062 1493 4117 Ζ

379 4167 429 4206 uos
440 4149 533 4220 sone]
546 4149 700 4206 conces
769 4149 927 4220 leideo1ct
937 4150 968 4204 n
979 4132 1045 4204 en‘d
1057 4151 1085 4204 s
1156 4148 1197 4219 uc]
1209 4151 1242 4202 ue
1253 4149 1282 4202 n
1300 4148 1328 4204 s
1394 4146 1432 4204 14
1448 4162 1525 4216 proc

378 4235 427 4308 lisl
445 4235 565 4307 preeunte
582 4236 613 4290 Κ
685 4233 801 4291 tirmiter
817 4234 956 4290 stetissem
973 4249 1021 4305 per
1038 4250 1114 4290 mone
1125 4235 1149 4290 si
1160 4233 1271 4289 absente
1282 4233 1310 4288 Ζ
1377 4233 1412 4290 15
1422 4232 1525 4303 meu]

380 4321 510 4391 quonism
526 4323 555 4376 Ζ
