4012 5056
455 424 594 478 cxxxvi

453 561 546 627 libris
568 579 666 627 mann
690 560 817 643 scriptis
842 559 1038 642 inaequalem
1063 559 1247 642 plerumque
1271 577 1394 642 operam
1418 560 1594 627 collocabat

333 739 337 758 ,
437 671 598 740 codicum
619 670 789 754 scripturas
810 687 873 736 non
892 669 941 737 ita
961 670 1104 738 epotasse
1118 672 1156 736 ut
1170 669 1247 753 qnid
1267 669 1384 756 singuli
1399 671 1542 742 ualerent
1556 673 1589 739 et

452 782 504 848 cui
526 782 665 848 familiae
686 782 791 848 meent
810 780 1008 848 adscribendi
1030 781 1145 847 certitu
1167 779 1289 847 deliniri
1304 782 1415 863 posset
1444 782 1588 860 minime,

448 892 516 977 ipse
537 891 593 972 eit,
615 891 751 974 spmcdco
764 910 813 957 mc
826 891 865 956 iu
878 889 962 958 ose
983 890 1128 956 οιιπιιιι
1148 890 1338 973 mamaea,
1361 892 1412 958 ite
1425 891 1586 959 semiliter

449 1001 623 1083 addietum,
639 1006 674 1067 st
685 1021 751 1067 aon
762 1001 877 1082 utiquc
887 1000 973 1067 ultro
981 1001 1202 1082 promeruero,
1217 1020 1298 1082 qaae
1308 1005 1366 1066 aot
1376 1001 1587 1068 librationem

449 1111 617 1194 manifesti
639 1130 768 1194 mores,
794 1115 853 1177 cet
878 1109 1009 1175 mima
1034 1114 1128 1177 eram
1153 1129 1251 1192 quom
1275 1115 1311 1175 ut
1333 1110 1439 1176 testem
1464 1131 1588 1178 ιιοιαιι

447 1222 599 1304 sacmeel.
635 1222 765 1288 mallem
798 1239 914 1305 paucos
949 1221 1131 1288 adnotasset
1165 1221 1365 1288 librariorum
1400 1222 1585 1290 manifestos

447 1349 565 1398 emeres
591 1351 685 1415 quens
707 1333 834 1398 centum
855 1350 946 1397 neres
968 1331 1127 1398 lectiones.
1154 1332 1188 1396 in
1203 1333 1353 1416 scriptore
1367 1332 1451 1398 enirn
1466 1333 1583 1400 totiens

411 1477 414 1482 ·
450 1440 607 1526 descripto
631 1441 773 1508 codicum
795 1443 1021 1526 praestantiam
1042 1442 1145 1508 multo
1165 1442 1269 1528 magis
1290 1462 1396 1509 eornm
1417 1443 1584 1523 erroribus,

448 1552 505 1636 qui
520 1553 557 1618 ut
571 1551 742 1636 genuinum
763 1552 960 1620 inueniamus
981 1552 1131 1634 efficiunt,
1152 1559 1248 1637 quam
1262 1553 1463 1620 librariorum
1476 1554 1586 1638 politis

448 1662 716 1729 emendationibus
738 1663 852 1746 quibus
876 1663 1115 1745 adquiescamus
1137 1663 1260 1747 saepius
1281 1681 1403 1729 nmosse
1418 1667 1476 1744 est,
1499 1663 1585 1730 cerni

446 1773 518 1856 quia
537 1773 679 1839 nesciet?
701 1773 755 1839 sed
771 1773 822 1839 uel
836 1774 883 1839 sic
897 1773 1111 1840 certissimum
1126 1775 1175 1839 est
1189 1792 1228 1839 ne
1242 1792 1340 1839 nuum
1356 1773 1482 1856 quidem
1498 1775 1584 1840 inter

448 1901 557 1951 omnes
576 1883 649 1950 illos
670 1885 789 1950 codices
810 1886 931 1950 exstare
951 1883 1136 1967 integritate
1157 1883 1204 1949 itu
1218 1885 1382 1969 insignem,
1406 1885 1461 1967 qni
1475 1885 1509 1950 iu
1523 1885 1583 1950 hac

447 1993 623 2060 recensione
645 1991 742 2060 luerit
762 1994 967 2061 adhibendus.
991 2013 1091 2076 neque
1114 1995 1180 2076 ipss
1194 1995 1385 2060 Bodleisnus
1411 1995 1427 2059 1
1451 1995 1583 2062 mriores

446 2103 600 2188 epistulas
620 2105 653 2170 st
671 2103 778 2170 Pontii
801 2104 903 2170 uitam
924 2103 1084 2170 continens
1105 2102 1160 2187 qui
1179 2102 1239 2170 lsoc
1258 2122 1387 2171 numero
1407 2102 1583 2188 excipiatur

446 2212 560 2300 dignus
581 2215 638 2279 est.
661 2232 736 2280 nam
751 2213 827 2297 quin
841 2215 873 2280 et
887 2214 955 2297 ipse
970 2232 1008 2279 ex
1021 2213 1191 2298 Baginensi
1205 2214 1286 2279 libro
1303 2215 1355 2299 (Τ)
1370 2213 1497 2281 fluxam
1513 2214 1581 2280 sius

445 2321 609 2406 scripturis
623 2322 738 2391 leuiter
747 2323 898 2408 inspectis
913 2341 1004 2389 nemo
1018 2323 1188 2390 dubitabit.
1204 2341 1393 2407 quamquem
1407 2324 1458 2390 illi
1468 2325 1580 2392 melio·

443 2451 494 2499 res
514 2450 622 2499 omues
644 2433 719 2498 sunt
740 2452 835 2516 quam
859 2452 895 2498 ιι
918 2434 1032 2516 quibus
1046 2433 1208 2500 Pamslius
1233 2435 1392 2518 scriptoris
1414 2434 1510 2501 uerba
1524 2436 1580 2502 de·

444 2543 639 2627 prauauerat.
665 2561 760 2625 quare
775 2543 802 2608 si
816 2544 925 2610 Fellus
947 2561 1054 2610 eornm
1074 2545 1244 2628 scripturas
1258 2545 1292 2610 in
1307 2547 1425 2610 textum
1441 2545 1579 2629 recipere

444 2642 541 2735 uuam
561 2653 662 2718 textui
684 2652 823 2720 subicere
837 2653 1019 2734 maluisset,
1047 2652 1238 2738 cypsanum
1251 2655 1322 2738 plus
1337 2655 1488 2720 sexcentis
1503 2655 1580 2721 locis
1650 2708 1654 2716 .

446 2763 565 2846 optime
578 2764 701 2846 poterat
716 2765 887 2831 emendare.

485 2873 667 2941 Postremus
681 2873 803 2958 ingenti
818 2875 960 2942 codicum
975 2892 1105 2942 numero
1121 2875 1302 2954 instructus,
1318 2875 1431 2958 quibus
1446 2875 1480 2941 in
1497 2893 1581 2941 com·
1644 2867 1646 2872 ’

369 2981 420 3012 ⁸¹¹⁸·
445 2984 609 3067 portendis
621 2986 654 3049 et
665 2982 846 3070 euoluendis
859 2986 933 3069 plus
948 2985 1129 3069 quindecim
1144 3002 1240 3051 annos
1255 2984 1410 3051 indelessa
1424 2985 1582 3052 industrie

442 3088 685 3177 consumpserat,
715 3075 883 3161 editionem
911 3097 1039 3179 parauit
1064 3095 1240 3179 Stephanus
1266 3097 1417 3163 Beluzius
1447 3116 1580 3180 samque

442 3223 471 3270 e.
494 3204 577 3270 1717
600 3204 685 3287 typis
705 3205 808 3288 coepit
828 3204 1011 3284 describere,
1034 3205 1212 3272 inchoatam
1234 3224 1305 3272 cum
1326 3205 1392 3288 ipss
1413 3205 1456 3272 28
1478 3226 1579 3273 meus.

441 3313 502 3380 Iul.
514 3333 542 3381 e.
557 3314 640 3381 1718
652 3315 694 3382 88
707 3334 802 3383 annos
815 3319 908 3383 natus
919 3317 1047 3395 obisset,
1063 3316 1257 3384 Prudentius
1267 3317 1415 3384 Meuanas
1426 3316 1578 3396 absoluit,

440 3422 492 3488 cui
516 3441 646 3506 operum
672 3426 847 3507 spuriorum
871 3426 1121 3493 emendationem
1143 3427 1309 3505 debemus;
1336 3427 1472 3512 genuina
1494 3426 1585 3492 enim'

438 3533 568 3600 Baluaio
604 3535 771 3603 etiamtum
806 3536 880 3603 uiuo
916 3536 1071 3637 impressa
1099 3541 1202 3617 srant3
1238 3557 1334 3621 quaro
1363 3538 1419 3604 ubi
1448 3539 1481 3604 in
1510 3538 1579 3604 illis

437 3643 562 3709 Ralunii
578 3644 746 3711 editionem
761 3645 868 3728 citaui,
883 3646 1051 3715 Prudentii
1058 3647 1181 3714 Mersni
1197 3647 1282 3714 uolui
1298 3647 1443 3732 intellegi
1459 3667 1577 3715 curam.

437 3753 511 3819 iude
541 3771 614 3819 uero
643 3754 762 3822 lactum
792 3756 843 3822 est
869 3759 907 3820 ut
935 3757 1152 3824 adnotationes
1181 3758 1222 3824 ed
1251 3775 1343 3842 opere
1371 3758 1578 3843 suppositicia

437 3861 503 3930 iere
525 3863 633 3931 nullae
655 3866 861 3947 edicerentur,
884 3867 961 3933 dum
983 3869 1102 3952 scripta
1123 3869 1260 3954 genuine
1280 3868 1448 3936 uberrimis
1469 3887 1577 3935 rerum

437 3971 619 4040 criticorum
645 3977 678 4042 et
702 3976 934 4061 exegeticarum
952 3979 1199 4046 'commentariis
1225 3980 1395 4046 abundant.
1426 3979 1577 4046 Balunirm

437 4083 522 4150 enim
546 4085 650 4152 names
671 4086 822 4154 lectiones
836 4088 871 4154 in
885 4089 1029 4175 margins
1052 4090 1229 4158 editionum
1250 4091 1471 4175 exscripsoret3
1495 4109 1575 4174 quae

437 4213 509 4262 cum
535 4213 607 4262 mox
631 4197 863 4282 postmortem
890 4200 958 4267 eius
984 4221 1057 4270 cum
1082 4202 1155 4268 aliis
1181 4221 1258 4287 quos
1280 4202 1460 4286 possidebat
1482 4201 1576 4270 libris

437 4305 605 4375 distractae
626 4311 739 4390 esseut,
763 4310 845 4377 nihil
866 4311 932 4380 lere
955 4312 1079 4380 inuenit
1094 4315 1252 4398 Mamaos,
1275 4335 1331 4382 nec
1353 4315 1392 4380 de
1414 4314 1575 4382 codicibus
