4016 5054
642 453 688 508 Da
705 453 961 522 singularitate
978 452 1186 506 clericorum
1209 467 1232 505 c.
1250 451 1364 507 40-42.
1507 451 1572 516 217

434 614 473 673 in
495 613 635 674 mundo.
664 611 708 672 sic
732 612 837 686 ubique
864 611 1053 686 singularitas
1078 609 1221 684 splendet,
1252 613 1285 668 ut
1311 624 1409 668 omnes
1437 626 1489 684 pro
1516 607 1568 667 illa

436 716 576 792 spondere
591 731 648 774 non
663 714 804 786 dubitent,
820 715 850 773 et
864 713 907 774 ita
928 713 1115 773 sanctitatem
1129 711 1160 772 iu
1175 713 1266 772 semet
1281 712 1346 786 ipsa
1360 709 1511 784 clarificat,
1539 713 1571 769 ut

436 816 551 878 laudern
577 817 634 876 sibi
649 819 687 877 ab
712 816 786 890 ipsis
800 833 914 892 quoquc
939 816 1064 876 inimicis
1079 817 1256 890 extorqueat.
1288 815 1364 889 quod
1390 815 1513 874 maxine
1535 815 1571 874 da

437 920 600 994 praeposite
625 935 801 994 quocumque
827 917 937 979 Paulus
962 918 1110 992 apostolus
1132 917 1251 977 mandat
1279 916 1393 977 diceus:
1423 918 1575 991 eportet

416 1024 560 1084 sautem
597 1019 1001 1082 eumetteatimouium
1023 1020 1159 1080 habere
1182 1020 1313 1080 benum
1346 1020 1389 1078 ab
1419 1019 1478 1077 his
1513 1017 1575 1092 qui

438 1122 530 1185 ieris
558 1127 658 1196 sunt,
687 1125 726 1183 nt
757 1138 827 1182 non
849 1123 888 1181 in
909 1121 1148 1197 opprobrium
1171 1121 1315 1180 incidat
1342 1123 1378 1180 et
1406 1120 1576 1195 laqueum

438 1225 590 1286 diaboli.
632 1226 708 1286 hanc
741 1224 833 1300 igitur
863 1226 977 1297 amate,
1015 1225 1090 1284 hanc
1120 1225 1234 1296 tanate,
1271 1240 1344 1298 quae
1374 1222 1437 1283 ecla
1474 1225 1572 1298 petest

438 1328 561 1389 feminas
581 1327 734 1387 debellare.
766 1345 831 1388 cum
860 1328 954 1386 adhuc
980 1326 1211 1400 coucupiscentia
1242 1325 1323 1384 nulla
1349 1328 1450 1400 pectus
1475 1326 1573 1400 inpul-

441 1431 487 1489 sat
512 1430 542 1489 et
567 1431 635 1489 dum
657 1429 751 1490 adhuc
776 1427 948 1504 simplicitas
970 1429 1137 1502 incorrupta
1165 1431 1314 1503 permanet
1336 1428 1383 1488 uel
1398 1428 1506 1501 quieta,
1537 1427 1574 1487 ad

408 1533 583 1594 resecretam
598 1531 810 1607 singularitatis
825 1529 946 1590 tutelam
968 1530 1027 1590 cite
1041 1529 1221 1603 concurrite,
1246 1547 1283 1590 ne
1308 1531 1489 1604 postmodum
1514 1547 1571 1591 ncn

439 1633 563 1693 ualeatis
578 1633 713 1707 elingere.

482 1735 739 1809 Praeeccupandus
753 1739 800 1796 est
813 1735 910 1794 aditus
927 1734 1037 1794 cunctis
1053 1734 1182 1807 insidiis,
1205 1751 1242 1795 ne
1257 1735 1404 1796 hostilitas
1425 1736 1505 1809 prior
1520 1735 1572 1794 ob-
1582 1735 1623 1792 42

438 1852 542 1910 repens
557 1839 688 1898 occurrat
702 1835 872 1910 inprouidis.
908 1838 1038 1896 salutare
1053 1838 1211 1898 remedium
1233 1840 1280 1898 eat
1294 1838 1462 1913 praeuenire
1477 1837 1574 1912 petius

441 1955 528 2014 quam
542 1939 704 2013 praeueniri
718 1941 749 1998 et
763 1938 924 2014 anticipare
939 1939 1036 2015 potius
1065 1957 1152 2014 quam
1177 1939 1329 2016 anticipari
1356 1939 1427 2000 uiris
1452 1939 1577 1999 fortibus

406 2065 432 2105 us
441 2043 583 2116 congruit.
599 2041 769 2116 ubicumque
780 2041 869 2101 fuerit
880 2043 1072 2116 prouidentia,
1085 2041 1263 2103 frustrantur
1269 2044 1406 2103 uniuersa
1417 2042 1576 2104 centraria:

439 2144 490 2203 ubi
504 2146 601 2204 autam
616 2143 798 2216 prouidentia
813 2143 989 2218 neglegitur,
1017 2145 1113 2203 omnia
1128 2145 1272 2205 contraria
1287 2144 1479 2204 dominantur.
1509 2145 1577 2202 ante

441 2245 547 2307 murem
560 2249 720 2317 certamus,
746 2247 814 2305 ante
830 2245 955 2321 inopiam
971 2245 1130 2306 laborando
1145 2245 1316 2320 satagimus.
1347 2244 1390 2306 sic
1414 2262 1466 2319 per
1480 2245 1576 2306 omnia

442 2347 656 2408 calamitatibus
682 2347 793 2407 cunctis
820 2346 952 2407 tollimus
976 2347 1086 2420 locum,
1119 2348 1187 2407 dum
1212 2349 1340 2422 gerimus
1367 2347 1577 2422 prouidentiam

443 2451 602 2525 temporum
616 2449 786 2510 futurorum.
809 2451 918 2523 quante
934 2449 1030 2524 magis
1047 2453 1116 2511 ante
1131 2451 1342 2524 praeueniendu
1357 2453 1403 2511 est
1418 2451 1495 2512 omni
1510 2467 1577 2526 pro·

406 2550 553 2610 aeuisioue
576 2550 726 2611 mumius
752 2550 941 2622 feminarum,
968 2551 1051 2611 cuius
1081 2551 1183 2626 cupide
1210 2552 1236 2611 si
1264 2553 1427 2612 admittitur
1454 2552 1580 2625 incipere

443 2669 599 2726 numquam
616 2669 736 2726 prorsus
750 2652 856 2725 accipit
872 2650 983 2712 linem?
1013 2653 1095 2712 cuius
1120 2654 1361 2726 comparationem
1376 2654 1509 2714 Salomon
1529 2671 1579 2714 ex·

443 2753 535 2828 plicat
559 2754 673 2814 dicens:
709 2753 879 2814 infernus
913 2758 948 2813 et
980 2771 1078 2814 amor
1113 2755 1284 2815 mulieris
1306 2758 1342 2814 at
1363 2757 1468 2816 terra
1490 2771 1583 2828 quac

443 2873 515 2916 non
546 2856 711 2916 satiatur
732 2872 827 2930 aqua
859 2859 897 2916 et
929 2857 1032 2931 ignia
1064 2874 1135 2918 non
1157 2857 1267 2918 dicit:
1297 2855 1460 2918 suflicit.
1487 2874 1580 2917 uuus·

445 2960 566 3035 quiaque
581 2959 679 3033 itaque
695 2959 745 3034 qui
759 2970 879 3020 securus
892 2962 948 3031 eat,
964 2959 1034 3035 quia
1051 2959 1173 3020 necdum
1187 2963 1355 3035 temptatur,
1377 2959 1489 3021 timeat.
1516 2960 1585 3034 quia

411 3079 438 3120 as
447 3062 522 3121 nihil
538 3063 572 3121 de
587 3061 639 3120 illc
653 3061 769 3135 dicitur,
784 3061 944 3136 prospiciat
956 3079 993 3122 ne
1008 3063 1139 3123 dicatur:
1170 3063 1300 3123 hemines
1315 3079 1424 3134 sumus,
1437 3062 1583 3137 fragilita·

446 3167 506 3225 tem
518 3166 647 3224 naamam
662 3180 747 3224 carne
762 3167 922 3238 portamus.
938 3165 981 3225 sic
996 3164 1054 3224 iam
1070 3165 1197 3240 undique
1211 3182 1264 3226 nes
1278 3163 1487 3239 circumspecta
1498 3164 1584 3224 uina·

447 3266 537 3326 citata
551 3266 726 3328 circumdare
754 3266 890 3326 debemus
915 3268 946 3325 et
971 3267 1107 3341 cingere,
1133 3269 1167 3327 nt
1188 3283 1246 3326 neu
1261 3267 1301 3326 sit
1315 3283 1383 3340 pars
1398 3267 1496 3342 aliqua
1510 3282 1584 3340 quae

447 3366 575 3428 uacillet.
606 3366 761 3442 accipimus
776 3361 893 3441 quidem
908 3367 1108 3428 fortitudinem
1134 3368 1305 3444 spiritalem,
1332 3385 1384 3443 per
1408 3385 1495 3442 quum
1518 3370 1585 3428 sub·

446 3471 571 3530 stantiae
587 3471 702 3530 nostrae
716 3469 861 3544 fragilitas
877 3471 1037 3531 roboretur.
1054 3473 1105 3530 aed
1121 3470 1163 3530 ita
1181 3471 1265 3531 uobis
1280 3470 1422 3545 spiritalis
1437 3471 1579 3530 fortitudo
1682 3522 1689 3534 .

515 3720 567 3776 41
584 3722 655 3778 'lina
672 3721 698 3788 3,
717 3722 743 3776 Ἰ.
846 3722 882 3777 22
901 3723 980 3777 Pron.
997 3723 1040 3788 30,
1061 3723 1101 3777 16.

517 3979 536 4034 2
553 3979 681 4051 spondere
702 3978 731 4045 0,
750 3977 891 4048 splendore
909 3995 926 4034 v
994 3979 1012 4033 4
1030 3978 1234 4049 quocumqueG
1250 3993 1310 4033 cum
1321 3994 1343 4034 a.
1358 3979 1377 4032 l.
1453 3980 1588 4049 itenetc]

449 4067 546 4122 timete
562 4070 582 4122 2
599 4065 677 4122 cedd.
761 4065 796 4119 10
812 4067 965 4121 cemetaec
1043 4065 1164 4120 leniris
1186 4066 1215 4130 0,
1234 4064 1373 4119 uiribusc
1452 4066 1484 4120 17
1504 4069 1590 4120 certa·

450 4167 511 4206 mua
527 4167 563 4207 ec
580 4151 712 4207 acerimur
734 4149 845 4206 Oua?
939 4151 1091 4221 satagimus
1113 4150 1143 4214 0,
1160 4150 1311 4220 fatigamus
1328 4167 1346 4206 c
1434 4151 1471 4206 25
1487 4151 1538 4207 ille
1560 4152 1592 4218 0,

450 4254 517 4294 ecc
652 4237 688 4292 26
705 4251 812 4291 munem
831 4235 866 4293 0¹
1006 4237 1062 4290 iarn
1080 4235 1103 4292 0
1119 4251 1141 4292 e.
1159 4237 1178 4292 1.
1196 4252 1231 4290 m.
1249 4240 1268 4291 2
1394 4251 1445 4291 nee
1461 4253 1513 4293 orn.
1532 4237 1556 4294 0

451 4323 488 4378 28
505 4325 656 4397 accepimus
678 4323 702 4380 O
