4012 5066
785 422 959 478 Aduersus
978 422 1126 477 ludaeos
1150 439 1171 477 c.
1190 422 1265 476 2-3.
1534 427 1592 490 135,

455 584 546 644 uertit
560 583 597 642 ad
611 583 698 655 idola,
714 586 744 642 et
758 581 957 642 interficiendo
977 581 1081 640 mimus
1095 583 1132 640 ad
1147 597 1178 640 ae
1193 582 1349 655 prophetas
1363 583 1413 656 qui
1427 584 1464 641 de
1479 582 1595 642 Christo

456 684 661 760 praedicabant
683 683 785 745 exinde
809 685 959 744 consueuit
980 683 1071 744 Israel
1094 684 1228 758 persequi
1243 683 1388 742 Christum
1410 699 1466 742 non
1481 685 1596 744 tentum

456 790 486 848 in
501 804 618 862 corpore
633 787 833 848 aduenientem
848 788 900 846 sed
911 786 999 846 etiem
1011 804 1076 846 cnm
1092 786 1273 861 aprophetis
1283 786 1512 847 adnuntiarstur.
1528 786 1594 846 nni·

454 907 554 950 uersos
567 891 672 949 etenim
685 891 768 948 uatea
779 889 922 963 persecuti
937 892 1125 959 suntaeeum,
1142 904 1176 947 ex
1186 888 1292 962 quibus
1302 889 1441 963 quosdam
1451 889 1597 962 lapidibus

433 992 599 1067 :insectati
626 991 699 1052 alies
720 990 838 1066 indigne
854 991 1042 1052 excruciando
1057 991 1249 1064 peremerunt,
1265 1005 1321 1060 nen
1335 992 1396 1050 tam
1410 991 1489 1065 ipses
1503 997 1597 1066 pamm

454 1110 505 1169 per
520 1111 569 1154 eoa
579 1092 731 1154 Dominum
746 1094 844 1152 Iesum
858 1092 1016 1152 Christum.
1032 1108 1106 1166 qnae
1122 1092 1197 1152 euim
1212 1092 1299 1152 huius
1313 1093 1467 1166 probation
1483 1092 1596 1154 adlinet

455 1196 530 1270 qnod
557 1195 739 1256 insimulatos
765 1195 804 1271 [et
821 1193 933 1271 inlidosl
950 1198 980 1254 et
1005 1195 1130 1270 pertidus
1156 1197 1186 1254 et
1206 1195 1358 1256 mandaces
1379 1199 1411 1254 et
1437 1195 1594 1256 contrarios

455 1297 563 1357 Christi
577 1297 765 1371 susceperint,
781 1313 866 1356 neree
882 1299 979 1356 autem
991 1300 1021 1356 et
1033 1298 1100 1356 lidei
1111 1295 1212 1371 plenos
1224 1297 1459 1372 inpugnaneriut.
1475 1298 1594 1372 lloysan

453 1400 671 1470 maledicebant,
687 1399 822 1472 quoniam
838 1398 988 1459 Christum
1003 1398 1206 1472 praedicabat:
1229 1399 1345 1459 Dathau
1360 1400 1505 1472 amabant,
1520 1417 1598 1474 qno-

422 1502 534 1562 reniam
546 1501 693 1561 Christum
707 1517 765 1561 nen
779 1501 983 1575 praedicabat:
1000 1501 1099 1560 Aaron
1115 1501 1317 1574 repudiabant,
1333 1501 1468 1575 queniam
1484 1500 1594 1562 Christi

454 1602 672 1664 similitudinem
693 1601 895 1678 praelerebat:
926 1602 1037 1663 Abirou
1067 1603 1291 1673 constituebant,
1312 1603 1447 1678 quoniam
1476 1602 1593 1664 Christo

454 1705 686 1766 contradicebat:
724 1705 819 1765 Dauid
848 1705 979 1780 oderant,
1010 1705 1145 1779 quoniam
1175 1705 1322 1765 Christum
1350 1705 1485 1765 canebat:
1524 1706 1592 1766 Saul

453 1810 641 1878 extollebant,
657 1809 792 1881 quoniam
807 1809 954 1868 Christum
970 1826 1028 1869 nou
1039 1809 1219 1882 loquabatur.
1234 1807 1395 1868 Samuelem
1406 1809 1592 1883 respuebant,

453 1913 587 1988 quoniam
600 1910 746 1972 Christum
761 1909 949 1985 loquabatur:
967 1909 1056 1971 Cham
1070 1911 1234 1983 seruabant,
1250 1909 1325 1970 nihil
1336 1909 1413 1970 enim
1427 1910 1464 1970 de
1479 1909 1592 1970 Christo

417 2036 443 2074 re
452 2016 643 2090 loquebatur:
666 2014 842 2073 Hieremiam
858 2012 1028 2087 lapidabant
1042 2015 1189 2073 Christum
1203 2013 1427 2074 uaticinantem:
1448 2013 1592 2073 Ananiam

452 2115 614 2189 diligebant
636 2115 784 2174 Christum
808 2115 1027 2174 aduersariam:
1050 2115 1168 2174 Esaiam
1191 2114 1327 2174 secabant
1350 2115 1495 2174 Christum
1510 2117 1593 2176 uoci-

450 2218 608 2277 ferantem:
625 2217 779 2276 bianusssn
795 2216 1021 2290 magnificabant
1037 2216 1181 2276 Christum
1197 2220 1433 2291 persequentem:
1455 2218 1590 2278 loannem

451 2318 654 2378 interimebant
669 2318 816 2378 Christum
832 2317 1094 2378 demonstrantem:
1117 2317 1284 2379 Zachariam
1304 2318 1490 2379 truddabant
1505 2319 1590 2379 Chri·

448 2422 525 2480 stum
554 2419 741 2492 diligentem:
773 2419 876 2479 ludam
903 2419 1065 2493 diligebant
1090 2420 1236 2480 Christum
1262 2421 1433 2480 tradentem.

415 2560 442 2602 ae
494 2537 606 2597 Videtis
621 2537 858 2612 quemadmodum
874 2537 1021 2598 Christum
1037 2537 1087 2612 qui
1102 2537 1229 2612 diligunt
1250 2538 1394 2611 odiuntur,
1420 2539 1472 2612 qui
1487 2538 1609 2598 odinnt3

450 2655 546 2699 amore
572 2639 697 2712 flagrant
722 2640 799 2712 apud
826 2639 974 2714 indignam
990 2640 1113 2714 plebem.
1140 2657 1157 2700 o
1177 2639 1366 2713 pertinaciam
1380 2641 1590 2712 persecutionis

450 2740 599 2815 indignam
627 2757 717 2815 usque
740 2739 776 2800 ad
800 2741 903 2801 mertis
918 2741 1203 2801 exterminationem:
1230 2757 1287 2802 nen
1303 2740 1379 2800 enim
1394 2741 1593 2802 tantummodo

521 3023 752 3078 ilnterficiendoa
767 3025 798 3087 T,
812 3023 934 3078 iaciendo
948 3024 976 3078 Β
1050 3024 1220 3080 ticenanehit
1232 3026 1258 3079 T
1324 3025 1496 3081 dnniuersua
1509 3025 1564 3096 ΟΥ
1639 3047 1641 3052 ·

449 3107 523 3162 uatis
543 3107 595 3178 Qt'
661 3123 722 3163 eum
740 3125 792 3164 oso.
810 3123 840 3174 o:
858 3108 927 3174 fert.
949 3108 1135 3178 praedicantes
1153 3127 1214 3165 eum
1274 3111 1303 3166 in
1320 3109 1460 3181 lapidibus
1479 3111 1561 3182 BQT

447 3193 512 3247 bet
529 3209 583 3248 nen
602 3193 627 3263 Q
766 3195 834 3263 1111]
853 3197 963 3249 tanturn
981 3194 1027 3249 Bc
1165 3212 1247 3264 qnam
1264 3196 1371 3262 addidi,
1388 3195 1434 3250 aed
1453 3199 1481 3250 et
1498 3213 1524 3260 c,
1541 3212 1593 3251 aar.

449 3276 530 3347 apr
592 3330 593 3335 a
701 3261 806 3334 emh
819 3277 908 3333 reum
930 3281 961 3343 1,
979 3263 1137 3350 ummo:
1151 3265 1302 3335 aarum]
1318 3281 1374 3346 nn,
1392 3265 1457 3336 effi
1476 3281 1559 3352 p¹aa

448 3376 517 3430 quaa
536 3363 618 3434 enim]
636 3364 768 3433 paraecnti
786 3363 1081 3420 nantulliacensis
1099 3367 1120 3419 2
1138 3366 1218 3434 (quac
1237 3366 1310 3420 enim
1329 3365 1363 3439 Q)
1474 3367 1514 3421 rei
1531 3383 1593 3437 pro-

447 3445 524 3501 batio
541 3449 584 3502 est
601 3448 637 3502 Μ
654 3449 693 3503 rei
712 3455 738 3503 et
755 3452 798 3502 est
814 3464 837 3502 a.
855 3448 875 3503 1.
893 3465 930 3504 m.
949 3451 970 3503 2
987 3448 1125 3518 (probatio
1146 3450 1180 3520 ρ)
1366 3452 1433 3506 'leo
1452 3452 1525 3521 qued
1541 3467 1560 3506 o
1627 3497 1630 3502 r

448 3534 635 3591 insimultatos
653 3536 682 3591 Β
848 3539 877 3590 et
895 3536 993 3591 infidos
1011 3553 1062 3592 caru
1083 3537 1107 3608 Q
1272 3540 1300 3593 st
1317 3539 1365 3610 m]
1383 3539 1525 3594 mendaces
1542 3555 1560 3593 c

448 3621 550 3689 Cquia
568 3621 700 3676 christum
723 3624 749 3677 T
829 3622 863 3676 10
881 3622 1070 3693 repudiabant]
1090 3625 1119 3678 in
1137 3623 1288 3679 sacerdotio
1305 3625 1371 3680 adal.
1391 3624 1440 3697 Qc,
1460 3625 1489 3679 in
1506 3639 1594 3680 sacer·

448 3703 540 3761 doum
559 3705 587 3760 Β
693 3708 726 3760 11
744 3707 901 3776 proferabat
919 3707 976 3777 Bp
1080 3707 1253 3764 anuntiabant
1273 3710 1299 3764 T
1407 3707 1442 3763 1a
1459 3708 1593 3764 christum

449 3805 502 3844 non
521 3791 558 3857 B,
576 3789 610 3844 de
627 3790 730 3846 christe
749 3791 821 3847 nihil
840 3793 873 3863 Q,
892 3793 1025 3847 christum
1044 3792 1071 3847 T
1209 3795 1354 3848 samuelem
1369 3836 1376 3848 .
1389 3831 1397 3846 .
1411 3833 1418 3848 .
1432 3793 1595 3862 loquebatur

450 3889 501 3932 em.
521 3875 601 3946 BQT
727 3879 761 3932 14
779 3878 869 3949 cham}
888 3893 962 3949 agag
979 3881 1051 3934 coni.
1069 3879 1214 3935 Pometiae
1340 3881 1375 3935 15
1392 3879 1538 3935 annaniam
1559 3881 1591 3944 T,

448 3962 609 4033 ananianQ
705 3965 738 4018 16
757 3961 859 4019 christo
879 3964 977 4019 aduc
1074 3965 1107 4020 l'l
1126 3981 1285 4021 manasen
1376 3964 1511 4038 christum
1528 3982 1554 4036 p.
1574 3967 1593 4020 i.

448 4043 644 4101 interimebant
660 4062 712 4102 era.
733 4048 757 4119 Q
871 4049 1112 4121 chriatnm1denm
1129 4049 1159 4104 Β
1264 4053 1299 4106 18
1315 4051 1515 4107 111111111111
1534 4052 1561 4107 T

446 4130 484 4186 20
501 4132 548 4200 qni
566 4132 664 4188 odiunt
680 4151 731 4189 cera
752 4134 805 4204 QT
927 4135 1143 4207 2111111110
1257 4136 1382 4208 fraglant
1399 4152 1436 4194 ea·
1453 4137 1593 4208 fraglanta

447 4217 480 4282 T,
498 4216 608 4288 fragant
626 4221 669 4284 Μ,
688 4221 817 4290 frangent
835 4222 867 4292 Q,
887 4222 1022 4292 plangent
1039 4223 1068 4276 Β
1171 4223 1208 4279 22
1225 4227 1340 4279 mertem
1359 4223 1388 4279 Β

1213 4311 1218 4347 1
