4012 5066
775 410 822 466 De
844 411 1107 482 Rebaptisrnate
1129 429 1153 468 e.
1171 413 1250 470 6-9.
1546 421 1587 485 79

449 587 567 632 neeesse
588 572 634 632 est
654 568 706 632 ubi
727 573 757 632 et
771 569 884 644 quando
899 571 929 631 et
942 569 1179 646 quemadmodum
1194 569 1348 645 nolamque
1362 574 1493 633 nostrum
1508 572 1587 634 salus

447 673 488 734 sit
508 672 649 748 praestita
670 673 830 733 rationibus
852 672 1069 746 inuestigemus.
1091 689 1215 747 namque
1236 675 1337 732 natum
1358 690 1421 734 esso
1435 675 1588 737 Dominum

447 780 579 838 nostrum
593 779 623 836 et
637 775 784 837 christun
798 793 863 836 esse
878 792 942 836 enm
956 777 1058 836 multis
1073 772 1237 836 rationibus
1252 793 1271 836 a
1285 771 1436 851 distipulis
1451 777 1513 838 eius
1527 797 1585 840 non

447 879 591 938 immerito
612 877 692 937 orodi
711 877 873 950 uidebatur,
897 878 973 951 quod
987 894 1023 938 ex
1036 877 1116 938 tribu
1131 879 1212 957 que,
1230 879 1305 952 quod
1323 896 1358 939 ex
1373 895 1477 954 genere
1492 880 1588 942 Dauid

426 981 580 1054 squodque
595 979 625 1038 in
641 978 761 1040 oiuiiate
775 975 929 1040 Bethleem
944 979 1048 1041 inisset
1063 983 1150 1040 uatus
1165 982 1196 1040 et
1210 981 1286 1055 quod
1300 980 1467 1054 pastoribus
1482 981 1519 1040 ab
1534 999 1587 1042 an·

446 1081 521 1156 galis
542 1079 675 1154 quoniam
696 1079 824 1140 saluator
844 1079 906 1140 illis
926 1085 1012 1141 natus
1032 1085 1111 1142 esset
1132 1083 1231 1142 eodem
1250 1085 1395 1142 momento
1415 1083 1521 1143 lubeat
1534 1101 1586 1142 an·

447 1182 606 1255 nuntiatus,
622 1199 678 1257 quo
694 1181 725 1241 in
739 1181 848 1242 oriente
863 1183 927 1242 uisa
940 1183 1003 1243 eius
1017 1181 1103 1243 stella
1118 1182 1326 1244 sollicitissime
1341 1183 1447 1244 luisset
1460 1202 1480 1244 a
1493 1184 1587 1259 magis

447 1283 606 1358 requisitus
625 1287 657 1345 et
676 1285 813 1345 adoratus
834 1288 866 1346 et
885 1285 1048 1345 illustribus
1076 1285 1158 1344 donis
1179 1288 1211 1344 et
1237 1285 1403 1359 insignibus
1419 1287 1586 1347 muneribus

446 1386 615 1458 honoratus,
631 1385 707 1460 quod
721 1403 792 1460 puer
805 1386 955 1446 admodum
971 1385 1002 1444 in
1016 1387 1124 1459 templo
1140 1387 1245 1446 sedens
1259 1403 1324 1446 oum
1335 1386 1410 1462 legis
1422 1387 1587 1449 dootoribus

413 1489 604 1562 roprudenter
623 1489 654 1547 et
673 1505 738 1546 oum
760 1487 949 1548 admiratione
973 1488 1099 1548 omnium
1115 1488 1304 1562 disputasset,
1320 1490 1396 1564 quod
1410 1506 1474 1549 oum
1489 1490 1586 1564 bapti·

448 1592 571 1661 aaretur,
586 1589 630 1648 ita
643 1591 677 1648 ut
691 1589 765 1648 nulli
779 1589 831 1648 alii
845 1590 1014 1664 contigerat,
1036 1590 1125 1650 oaelis
1141 1591 1250 1663 apertis
1265 1589 1450 1651 descensione
1466 1591 1587 1664 spiritus

447 1691 541 1751 saneti
561 1693 592 1750 et
612 1707 699 1764 snper
723 1707 787 1750 enm
814 1690 959 1752 mensione
984 1692 1150 1751 testimonio
1170 1691 1259 1752 etiam
1279 1691 1372 1766 patrie
1394 1692 1442 1751 sui
1462 1691 1588 1770 itemque

447 1793 565 1853 Ioannis
586 1792 732 1867 baptistae
752 1792 857 1854 iuismt
881 1793 1072 1864 olariiloatus,
1099 1794 1175 1868 quod
1196 1810 1283 1868 supra
1303 1794 1457 1856 humanam
1478 1797 1588 1856 medio.

447 1894 580 1954 critatem
591 1895 678 1955 oorda
688 1897 718 1954 et
729 1894 918 1968 cogitationes
929 1894 1129 1954 uniuersorum
1141 1893 1328 1969 intelligeret,
1345 1895 1422 1969 quod
1434 1896 1588 1971 languores

414 2019 440 2058 ιι
449 1998 479 2058 ot
492 1995 565 2055 uitia
580 1998 610 2055 et
631 1995 814 2056 ualetudiues
835 2013 899 2056 oum
918 1999 1061 2071 potestate
1082 1995 1209 2056 maxima
1227 2003 1343 2058 onmret
1363 2002 1449 2073 atque
1463 2003 1588 2071 sanaret,

450 2098 526 2172 qnod
556 2098 740 2158 remissiones
768 2101 950 2172 pematomm
979 2115 1043 2158 oum
1073 2098 1202 2158 euidenti
1227 2098 1394 2173 probatione
1418 2103 1588 2174 praestaret,

450 2201 526 2275 quod
548 2199 698 2260 daemonia
718 2199 799 2260 iussu
821 2199 985 2275 expelleret,
1001 2200 1076 2275 quod
1091 2201 1221 2275 leprosos
1235 2203 1323 2262 uerbo
1337 2204 1497 2276 mundaret,
1513 2203 1590 2278 quod

448 2317 553 2375 aquam
573 2301 605 2360 in
625 2302 725 2361 ιίιιιι
752 2303 941 2362 conuertenda
965 2301 1128 2363 eonuiuium
1148 2303 1278 2376 nuptiale
1298 2303 1461 2364 admirabili
1476 2302 1589 2364 laetitia

448 2402 654 2478 amplificaret,
677 2404 754 2478 qnod
775 2404 868 2464 oaods
889 2403 1028 2464 uisionem
1050 2404 1220 2465 restitueret
1241 2408 1293 2465 eut
1314 2405 1490 2480 indulgeret,
1513 2407 1590 2480 quod

414 2527 441 2568 ao
450 2504 609 2564 documen
630 2504 723 2578 patris
738 2522 803 2565 oum
817 2504 895 2565 omni
915 2505 1020 2564 fidutia
1035 2507 1185 2576 assereret,
1207 2506 1284 2579 qnod
1298 2506 1328 2564 in
1349 2506 1411 2566 looo
1426 2506 1539 2565 deserto
1554 2507 1590 2566 de

448 2604 574 2680 qunque
601 2606 725 2680 panibus
751 2605 876 2681 quinque
898 2607 980 2666 milia
1004 2606 1153 2667 hominum
1173 2608 1328 2680 saturaret,
1354 2608 1430 2681 quod
1451 2607 1589 2682 reliquiae

424 2703 428 2710 ’
448 2708 534 2780 atque
550 2707 694 2766 buooellae
705 2707 771 2782 plus
782 2724 868 2781 quam
878 2706 1026 2768 duodecim
1041 2707 1178 2782 oophinos
1193 2707 1355 2780 implerent,
1371 2708 1448 2780 quod
1462 2711 1589 2768 mortuos

448 2823 501 2882 pro
516 2824 570 2868 sua
588 2807 698 2881 pietate
718 2808 826 2881 passim
841 2807 1003 2879 susoitorat,
1026 2809 1102 2883 quod
1116 2809 1214 2868 uentis
1229 2811 1259 2868 et
1274 2807 1347 2867 mari
1362 2810 1395 2867 ut
1410 2809 1590 2882 qmesoeront

449 2907 615 2982 imperaret,
635 2908 713 2985 quod
732 2925 819 2985 super
839 2925 918 2970 mare
939 2909 1061 2984 pedibus
1075 2909 1245 2983 ambularet,
1260 2910 1336 2984 quod
1350 2908 1475 2971 obtutus
1490 2926 1589 2970 omnes

414 3042 440 3082 ss
450 3019 565 3082 omnino
581 3021 753 3096 periloeret-

493 3121 604 3192 Quibus
618 3123 705 3182 rebus
720 3125 752 3182 et
765 3121 961 3183 huiusoemedi
982 3122 1178 3197 eompluribus
1198 3121 1285 3182 iaotie
1298 3123 1336 3182 ad
1351 3121 1513 3182 ιΙιιίίιιιιι
1527 3122 1618 3184 ιὶιι9

449 3223 662 3298 pertinentibus
684 3240 859 3299 oonsuquene
880 3240 944 3285 esse
964 3224 1117 3284 uidebatur
1137 3225 1171 3282 ut
1185 3224 1423 3297 quemadmodum
1438 3224 1539 3285 ludaei
1553 3225 1589 3284 de

450 3325 566 3387 ennete
586 3325 726 3398 sentiunt,
752 3324 829 3400 quod
854 3328 950 3386 tamon
976 3325 1012 3386 de
1037 3327 1104 3386 Iesu
1132 3325 1247 3387 Obrieto
1267 3325 1389 3386 Domino
1414 3329 1512 3386 nostro
1532 3341 1590 3385 non

450 3428 580 3500 eredunt,
606 3429 641 3487 ut
660 3427 747 3486 otiam
774 3425 832 3500 ipsi
854 3427 1062 3500 existimarent,
1088 3431 1122 3488 ut
1147 3429 1217 3488 talis
1237 3430 1269 3489 et
1289 3430 1388 3488 tantm
1415 3427 1495 3486 nulla
1510 3427 1590 3488 obita

415 3533 542 3589 umorte
561 3531 592 3588 in
613 3532 762 3589 aeternum
786 3532 961 3602 perseueret,
987 3531 1016 3588 et
1034 3545 1157 3603 regnum
1179 3529 1273 3590 Israel
1293 3531 1324 3590 ot
1344 3529 1434 3589 totius
1460 3527 1538 3588 orbis
1559 3528 1590 3586 in

449 3635 619 3706 perpetuum
639 3632 715 3708 quod
736 3648 793 3692 non
815 3630 1006 3705 corriperetur
1026 3631 1196 3706 possideret.
1218 3630 1294 3692 undo
1309 3631 1398 3692 etiam
1412 3630 1513 3690 ludaei
1527 3628 1590 3690 ausi

450 3735 569 3794 inerunt
594 3749 661 3793 eum
685 3749 786 3808 repere
806 3737 837 3793 et
858 3731 891 3792 in
915 3749 1035 3808 rognum
1060 3749 1204 3808 ungnme:
1231 3735 1307 3809 quod
1333 3733 1448 3807 quidem
1472 3747 1588 3792 neeesse

449 3835 554 3897 babuit
580 3835 632 3896 ille
658 3834 879 3910 subterfugere:
900 3851 935 3896 ao
955 3838 1108 3910 propterea
1135 3834 1270 3910 discipuli
1292 3835 1354 3896 eius
1376 3833 1590 3895 arbitrabantur

520 4073 823 4188 aureorumque
841 4116 900 4175 rod.
918 4123 977 4174 eto
1074 4117 1110 4172 28
1128 4117 1250 4172 sentiam
1266 4116 1328 4187 Rip.
1422 4115 1455 4171 31
1474 4116 1591 4186 oorripo·

449 4201 995 4359 ιοίηῒιι1ἓοὲιιριιιπωιὲ.Βαὶωίω
1069 4203 1227 4258 balneent
1238 4202 1299 4273 Rip.
1370 4201 1405 4256 33
1418 4200 1591 4272 superfugere
