4012 5056
422 388 470 438 011
821 369 971 427 Caecilii
990 368 1156 442 Cypriani
1198 362 1201 368 '

420 543 499 608 quaa
524 525 564 591 ad
589 527 765 609 probandae
793 527 924 593 uirtutis
955 525 1165 610 experimenta
1188 524 1390 608 perpetimur,
1418 542 1480 590 non
1506 525 1556 590 est

419 643 528 711 poena,
543 629 617 710 quia
630 629 731 714 gloria
742 631 799 696 cst.
814 631 870 698 sed
884 631 950 696 esto
965 649 1050 708 sane,
1065 628 1154 695 nobie
1168 646 1267 712 poena
1277 644 1338 694 non
1348 628 1393 694 sit
1404 627 1552 694 erilium:

418 729 486 794 illis
510 730 661 796 ultimum
688 732 805 797 crimen
829 733 863 798 et
884 731 1058 815 pessimum
1082 729 1170 797 nolas
1197 729 1293 797 etiam
1318 729 1457 812 ipsorum
1480 747 1553 796 con-

418 833 550 900 scientia
569 835 661 900 testis
680 834 848 919 adscribat,
870 835 925 917 qui
940 833 1071 919 possunt
1084 831 1303 900 innocentibus
1316 831 1453 916 irrogare
1468 831 1551 913 qnod

417 936 531 1017 putant
550 955 692 1018 poenam.
711 936 782 1002 nolo
802 955 884 1002 nunc
899 937 1073 1002 describere
1087 935 1149 1001 loci
1165 934 1302 1020 gretiam
1317 936 1350 1000 et
1364 933 1572 1000 dobciarums

417 1037 559 1103 omniurn
578 1041 760 1122 paraturam
779 1039 908 1104 interim
929 1039 1064 1105 tmnseo.
1083 1037 1240 1122 fingamus
1261 1036 1365 1130 locum
1378 1035 1472 1100 illum
1487 1035 1552 1100 situ

417 1140 588 1222 sordidum,
615 1141 795 1224 squalidum
816 1142 898 1226 meu,
925 1159 988 1207 non
1009 1141 1150 1208 salubres
1171 1159 1268 1224 aquae
1288 1138 1464 1216 habentem,
1490 1155 1553 1204 non

416 1243 622 1311 amoenitates
636 1243 758 1329 uiroris,
782 1261 844 1310 non
857 1243 1010 1310 uiciniam
1024 1242 1138 1322 litoris,
1154 1241 1210 1308 sed
1223 1243 1331 1308 nasus
1344 1259 1437 1324 rupes
1452 1239 1551 1304 silua·

416 1363 488 1409 rum
508 1345 592 1411 inter
610 1345 783 1429 inhospitas
802 1344 908 1413 iauoes
922 1345 1063 1412 desertae
1079 1344 1248 1411 admodum
1262 1342 1454 1426 solitudinis,
1476 1341 1551 1408 ania

415 1444 526 1511 mnndi
546 1449 637 1530 parte
657 1450 860 1513 summotum.
882 1447 987 1531 posset
1006 1445 1084 1512 licet
1104 1445 1181 1510 talis
1201 1445 1288 1512 locus
1309 1445 1423 1510 babere
1436 1461 1586 1508 nomento

415 1547 513 1631 exilii,
541 1567 602 1630 quo
628 1547 800 1633 Cyprianus
827 1547 968 1615 sacerdos
994 1548 1055 1613 Dei
1080 1549 1218 1624 uenerat,
1245 1563 1306 1612 non
1331 1545 1360 1610 si
1384 1546 1548 1613 hominum

414 1649 591 1716 ministeria
611 1649 784 1728 deficerent,
805 1650 857 1715 uel
877 1650 970 1716 alites
991 1651 1028 1714 nt
1043 1648 1154 1715 Heliae
1175 1649 1226 1714 uel
1240 1650 1277 1713 ut
1292 1648 1421 1714 Daniele
1443 1648 1549 1732 angeli

414 1750 652 1816 ministrarent?
680 1751 763 1817 absit
790 1751 883 1829 absit,
914 1753 951 1816 nt
974 1751 1082 1816 credat
1111 1751 1225 1833 aliquis
1254 1751 1385 1816 cuilibet
1415 1751 1548 1815 minimo

414 1850 582 1919 dummodo
601 1853 635 1918 in
652 1852 843 1919 confossione
862 1851 1001 1920 nominis
1020 1853 1191 1919 constituto
1212 1853 1332 1935 aliquid
1352 1851 1545 1918 defuturum.

412 1955 538 2020 tantum
552 1956 641 2020 abest
655 1956 693 2020 ut
702 1955 763 2020 Dei
776 1955 917 2039 pontifex
930 1957 988 2021 ille
1002 1957 1057 2038 qui
1071 1956 1301 2022 misericordiae
1316 1974 1437 2037 semper
1451 1956 1544 2020 rebus
1555 1973 1579 2012 ιι

412 2056 574 2123 institerat
588 2056 739 2123 honorum
754 2058 894 2124 omnium
910 2057 1023 2141 opibus
1036 2058 1202 2142 indigeret

243 2201 245 2206 ,
301 2195 305 2204 .
364 2156 402 2217 12
456 2158 526 2223 Iam
551 2176 650 2237 nunc,
687 2159 771 2242 quod
804 2159 937 2224 secundo
966 2177 1130 2241 posueram
1159 2161 1235 2236 loco,
1270 2178 1341 2225 cum
1370 2159 1547 2244 gratiarum

412 2258 532 2324 actione
559 2261 747 2343 repetamus,
774 2260 936 2344 prouisum
964 2278 1031 2326 esse
1057 2259 1212 2327 diuinitus
1237 2261 1334 2326 etiam
1359 2278 1415 2344 pro
1441 2261 1546 2327 animo

409 2360 493 2424 tanti
503 2361 566 2424 uiui
576 2362 716 2443 apricum
727 2364 760 2426 et
770 2363 986 2443 conpetentem
999 2362 1113 2440 locum,
1128 2361 1302 2442 hospitium
1313 2380 1368 2444 pro
1379 2364 1543 2428 uoluntate

410 2463 564 2528 secretum
580 2463 612 2528 et
626 2463 777 2546 quidquid
797 2463 909 2546 apponi
925 2464 970 2530 eis
985 2466 1058 2530 ante
1072 2463 1261 2547 promissum
1276 2465 1324 2529 est
1339 2463 1393 2546 qui
1407 2482 1539 2548 regnum
1550 2485 1582 2526 ec

409 2563 443 2628 et
456 2563 611 2630 iustitiam
626 2566 686 2630 Dei
707 2566 868 2646 quaerunt.
890 2567 985 2647 atque
1004 2568 1042 2630 ut
1063 2567 1210 2631 omittam
1231 2566 1440 2648 hequentiam
1461 2564 1541 2630 uisi-

408 2665 547 2762 tantium
562 2665 696 2732 fratrum
710 2668 742 2732 ot
756 2668 896 2750 ipsorum
910 2668 983 2733 indo
998 2667 1116 2733 ciuium
1132 2667 1304 2747 cantatam,
1323 2686 1402 2750 quae
1417 2684 1541 2750 reprae-

409 2767 553 2833 sentabat
575 2769 689 2846 omnia,
715 2769 828 2850 quibus
850 2768 1017 2836 uidebatur
1039 2787 1106 2836 esse
1126 2769 1299 2848 fraudatus,
1321 2769 1541 2834 admirabilem

409 2869 623 2950 uisitationem
648 2869 709 2935 Dei
732 2888 793 2936 uon
819 2871 1003 2954 praeteribo,
1030 2890 1093 2953 qua
1116 2871 1293 2937 antistitem
1319 2890 1411 2936 suum
1435 2871 1482 2936 sic
1507 2871 1541 2936 in

460 3087 695 3158 ladprobaudae]
709 3089 934 3159 approbaudccop
1012 3090 1177 3160 perpetimur
1188 3090 1403 3159 experimentato
1482 3089 1541 3145 ece

407 3171 553 3239 pessimum
564 3172 656 3226 om]
732 3173 997 3243 dignoscentibusp
1081 3175 1176 3243 bputo
1191 3176 1217 3228 Τ
1294 3177 1506 3243 elocumonap

406 3255 490 3310 situm
505 3257 549 3326 Τμ
658 3260 674 3313 l
686 3258 831 3329 uisnnurop
936 3259 1073 3314 habentur
1086 3260 1112 3314 T
1212 3259 1540 3329 Samoenitatesaoripaa‘,

406 3341 580 3396 amoenitatis
596 3343 626 3408 T,
639 3344 786 3398 amenitate
797 3359 831 3412 ro,
843 3345 1037 3399 amoenitatem
1049 3362 1087 3413 μυ
1161 3345 1288 3416 uigorist
1365 3345 1467 3398 uicinia
1482 3344 1508 3399 Τ

405 3423 549 3496 cedctsop
644 3432 724 3484 uasta
735 3431 947 3500 rupcep,uaeta
957 3447 1025 3500 rupe
1040 3431 1162 3500 T,rupea
1175 3432 1290 3484 ammte
1386 3428 1540 3499 thospites

408 3510 464 3579 Tpo'
576 3513 735 3569 solitudines
750 3515 780 3579 T,
793 3515 981 3588 sollitudiniro
1094 3517 1168 3586 auia]
1181 3517 1227 3571 uia
1240 3516 1267 3570 T
1375 3516 1408 3568 11
1421 3516 1468 3582 qui
1481 3515 1508 3570 T
1547 3559 1550 3565 .

404 3599 533 3652 uenuant
547 3599 579 3663 T,
590 3602 734 3655 ueneratur
746 3616 771 3653 ro
908 3616 961 3656 non
973 3601 998 3655 ai
1009 3617 1064 3670 cop,
1076 3616 1129 3656 non
1141 3600 1195 3655 sihi
1211 3602 1242 3664 T,
1254 3601 1298 3655 cui
1310 3601 1333 3654 si
1345 3617 1370 3664 o,
1383 3615 1437 3654 non
1449 3599 1502 3654 eibi
1514 3600 1539 3653 si

404 3681 470 3747 foed.
557 3683 740 3740 lhdedoerint
753 3685 968 3750 1',dcfeeeriutt
1052 3686 1269 3757 heliaeJaliaoT
1348 3685 1505 3741 danieliroc

405 3767 439 3821 13
450 3768 648 3840 ministrarent]
660 3776 831 3839 procurarent
842 3787 888 3841 cop
992 3773 1127 3846 abaitom.
1140 3773 1209 3840 Prope
1312 3771 1464 3826 credatoca
1481 3773 1507 3826 Τ

402 3851 553 3907 minimeT
670 3856 799 3910 mnndum
811 3857 912 3913 modot
1034 3857 1067 3912 14
1078 3858 1307 3912 mnimionemT
1422 3857 1539 3910 nominis

402 3935 556 4008 christisop
654 3938 789 3995 defuturo
804 3943 830 3997 Τ
930 3941 1157 4011 lbpontiflooeT
1250 3942 1538 4012 misericordiaolnunc

402 4037 541 4091 somperso
625 4025 836 4081 minoritate
921 4027 1052 4082 honorum
1066 4028 1205 4094 liborum
1216 4045 1341 4098 ωμυςαιι
1350 4027 1503 4083 bonorum?

403 4107 549 4179 18animo]
562 4110 685 4164 amicoeo
773 4111 806 4167 19
819 4113 1028 4182 conpetentesT
1110 4114 1283 4184 uoluptatep
1367 4115 1400 4169 21
1413 4114 1537 4183 iroquon-

401 4191 472 4246 tium
487 4195 521 4250 T'
628 4196 793 4268 idipsornm
806 4202 861 4254 cto
964 4199 1012 4270 qni
1023 4199 1224 4271 representabat
1234 4217 1267 4266 eo,
1279 4215 1359 4270 quare
1369 4201 1536 4270 praesentem

395 4281 547 4347 ¹quaerebat
560 4282 587 4337 Τ
645 4283 851 4341 23uideaturro
908 4286 1034 4357 idquam
1049 4287 1098 4343 lie
1156 4289 1311 4342 antestitem
1328 4287 1358 4352 T,
1371 4287 1537 4356 mtiatemro
