4016 5054
435 364 499 429 232
908 363 1094 434 Appendir.

435 523 574 584 inuictam
588 540 674 596 quam
690 523 794 582 habent
809 539 877 596 erga
892 521 1044 582 Dominum
1060 523 1156 582 laeum
1171 523 1383 598 integritatem
1405 525 1569 586 innocentia

438 625 515 684 uiuae
531 625 730 684 laetificantur.

386 725 425 784 19
480 728 541 788 Nee
556 729 646 786 nolum
662 727 836 800 professione
851 727 927 799 fidei,
947 744 1019 801 quae
1035 728 1115 786 iuxta
1130 728 1249 787 Paulum
1273 746 1321 788 oro
1338 729 1370 788 fit
1384 730 1421 788 ed
1435 729 1567 798 salutem,

435 827 614 904 glorificatur
628 830 720 890 Daue:
740 832 926 890 uerumeliam
941 829 1119 890 oonleesioue
1142 833 1365 891 commissorum.
1382 833 1452 891 haee
1469 846 1505 890 ue
1520 835 1565 890 te·

437 948 513 990 mere
528 947 562 990 er
577 932 660 991 nobis
676 933 746 1006 ipein
760 929 838 1006 loqui
855 933 1014 1005 uideamur,
1032 932 1201 993 adduoendu
1215 938 1283 993 euni
1298 935 1503 1007 seripturarum
1519 937 1589 992 len

440 1032 585 1095 alimonia.
603 1051 670 1108 orgo
685 1035 741 1094 nini
756 1035 865 1107 piorum
881 1035 943 1094 nita
957 1036 1071 1094 eederet
1088 1035 1117 1092 in
1133 1035 1256 1110 gloriam
1271 1035 1333 1108 Dei,
1363 1035 1495 1095 cunisam
1510 1053 1567 1094 non

439 1138 547 1196 dioerei
563 1137 591 1194 in
608 1138 773 1211 euangelio:
806 1142 841 1197 ut
870 1139 1023 1198 uideant
1045 1155 1157 1212 opera
1179 1142 1303 1198 uenire
1329 1140 1419 1197 bona
1435 1142 1470 1197 et
1492 1139 1568 1211 glo·

439 1237 594 1298 rifieenl
623 1243 763 1312 palrom
793 1243 957 1299 eleutrum
990 1240 1111 1313 quiin
1142 1240 1262 1300 caelis
1284 1245 1352 1298 eal.
1383 1257 1434 1298 neo
1460 1239 1567 1300 Paulus

438 1342 588 1415 aposlolus
614 1343 753 1401 scriberet
777 1341 901 1401 Galatia:
932 1346 969 1401 ei
998 1341 1037 1401 in
1068 1359 1117 1401 me
1146 1341 1417 1415 glorificabant
1451 1341 1568 1402 Deum.

442 1445 627 1504 ooullrmalur
649 1447 703 1504 hoe
717 1449 747 1504 ol.
761 1462 811 1516 per
826 1445 1045 1518 repugnantiam
1073 1461 1108 1504 ex
1123 1444 1170 1503 hie
1185 1462 1258 1519 quae
1273 1445 1405 1504 diximus.
1421 1445 1527 1504 etenim
1543 1445 1569 1503 ei
1580 1459 1607 1498 ro

441 1563 543 1606 nomen
559 1548 612 1605 Dei
627 1547 764 1619 polluitur
787 1564 820 1605 ao
835 1548 1040 1606 dehonestatur
1064 1546 1155 1620 impia
1180 1547 1243 1604 uita
1268 1546 1313 1604 oui
1335 1545 1442 1620 populi,
1470 1546 1569 1620 ulique

443 1651 518 1707 bona
533 1649 613 1708 illiue
628 1651 689 1708 ulla
704 1649 915 1708 cohonestetur.
946 1650 1100 1706 damnatur
1121 1652 1196 1721 apud
1220 1648 1379 1722 apostolum
1395 1652 1424 1707 ol
1439 1648 1567 1721 philoso-

440 1751 561 1824 phorum
578 1751 666 1823 impia
681 1750 833 1823 sapientia,
864 1751 926 1824 qui
956 1767 1031 1808 oum
1053 1749 1161 1809 Deum
1183 1751 1464 1824 cognouieeonl,
1502 1767 1569 1808 uou

439 1855 563 1912 lamen
596 1869 669 1910 eurn
699 1857 737 1910 ul
764 1851 869 1911 Deum
900 1852 1226 1925 gloriiioaueruui.
1260 1852 1429 1926 eapienliam
1452 1851 1568 1924 profile-

439 1956 545 2014 banlnr
585 1957 615 2013 ei
655 1971 791 2012 summurn
833 1954 1006 2028 exhibebant
1043 1954 1206 2012 stultitiam.
1250 1954 1345 2026 ilaquo
1382 1971 1444 2012 oum
1480 1953 1606 2013 Deumro

442 2073 505 2114 eoae
520 2057 730 2127 profiterentur,
746 2058 841 2112 lamen
858 2056 981 2126 turpiter·
997 2055 1128 2114 uiuentes
1144 2059 1174 2113 ol
1189 2055 1273 2113 idolis
1289 2056 1482 2114 saorilinanles
1497 2055 1570 2113 saluo

448 2157 612 2217 leeiimonio
628 2157 829 2230 quodammodo
845 2157 1037 2216 obse-urebant
1052 2155 1106 2215 Doi
1133 2158 1265 2228 gloriam,
1297 2157 1378 2230 quasi
1404 2173 1455 2215 nee
1477 2157 1571 2214 iualue

443 2263 520 2320 usual
535 2277 586 2319 nea
601 2277 703 2330 uerar,
725 2260 871 2333 autquasi
886 2277 943 2319 uon
960 2276 1033 2319 unus
1049 2263 1126 2319 eeeol
1140 2261 1192 2318 aad
1206 2259 1306 2330 multi,
1326 2263 1376 2318 aul
1396 2260 1478 2332 quasi
1494 2260 1572 2318 narie

442 2365 519 2421 eeeei
533 2362 680 2421 assimilia.
696 2362 726 2420 id
741 2365 834 2420 auinrn
851 2362 1014 2420 euidentius
1029 2361 1117 2420 oliam
1132 2364 1257 2419 leniatur
1269 2361 1450 2420 beatissimus
1461 2362 1571 2419 Paulus

442 2464 573 2522 noribene
603 2464 639 2521 ad
669 2463 844 2535 (lorinlhioa,
875 2464 978 2533 omli,
1008 2462 1118 2535 inquit,
1149 2462 1246 2521 aelia
1280 2463 1400 2532 prelio
1433 2475 1607 2536 mugnone

441 2565 661 2637 glorifioaio
694 2569 729 2622 el
761 2568 910 2637 portale
942 2565 1051 2624 Deum
1083 2565 1119 2622 in
1153 2581 1307 2638 eorporo
1338 2569 1470 2624 uoetro.
1508 2566 1571 2624 ideo

443 2665 521 2724 Daue
536 2667 657 2725 redomil
673 2683 725 2724 uos
738 2667 829 2739 prelio
845 2667 995 2738 sanguinis
1012 2667 1071 2736 sui,
1097 2670 1128 2724 ul
1143 2668 1230 2725 semel
1247 2686 1264 2725 a
1279 2667 1404 2740 pennatis
1420 2667 1571 2740 expurgati

443 2766 579 2840 deinoape
594 2767 684 2826 uitam
700 2767 761 2840 ipro
776 2768 891 2841 dignum
908 2785 1069 2842 ageremus.

393 2872 437 2930 20
489 2871 533 2927 Aa
550 2871 711 2943 symbolum
736 2870 915 2943 imperatorie
929 2873 1077 2944 goslamus
1105 2873 1274 2943 impransum
1291 2872 1432 2930 frontibus
1455 2871 1570 2930 uostris,

442 2971 511 3043 quid
526 2970 552 3028 ei
567 2987 670 3044 gerens
684 2972 797 3046 nignum
813 2972 918 3031 Christi
933 2977 1061 3046 praeeunt
1080 2990 1165 3046 opera
1180 2973 1284 3043 Belial,
1309 2989 1399 3033 noune
1416 2973 1568 3031 ‹ledeoora-
1579 2988 1604 3028 ae

445 3075 493 3130 lnr
507 3073 556 3130 illo
572 3073 653 3132 euius
668 3071 794 3146 insignia
808 3073 954 3146 gerimus?
971 3079 1071 3132 eontra
1087 3075 1163 3134 sioui
1178 3075 1333 3148 imperator
1349 3075 1404 3132 sibi
1420 3075 1514 3145 pleoni
1536 3074 1571 3130 de

445 3173 537 3233 milile
552 3177 746 3248 praestrenuo,
770 3176 812 3234 sio
826 3176 995 3235 existimans
1016 3177 1096 3236 illius
1117 3177 1253 3236 uirtutem
1268 3176 1324 3250 ipsi
1339 3175 1432 3235 daoori
1445 3177 1474 3235 ot
1488 3193 1573 3234 orna·

444 3279 540 3337 menie
556 3293 634 3336 oeae:
651 3277 694 3336 sio
707 3278 784 3336 Deua
798 3277 940 3350 glorietur
958 3279 987 3336 in
1003 3278 1050 3336 hie
1065 3295 1137 3350 quos
1149 3279 1286 3348 redemit,
1307 3295 1378 3350 qnos
1392 3276 1474 3348 lauit,
1499 3293 1569 3348 quoe

444 3379 646 3452 muolilloeuit,
668 3397 738 3454 quos
754 3379 875 3453 spiritua
890 3379 1025 3440 donatiuo
1041 3381 1246 3454 dignatusest,
1263 3380 1287 3438 si
1300 3381 1375 3439 ailae
1387 3377 1575 3438 eanolirnonia

445 3482 620 3543 declararint
634 3482 747 3543 Domini
772 3483 896 3556 graliarn
922 3482 952 3541 in
980 3482 1053 3556 ipsie
1079 3501 1135 3544 non
1152 3483 1241 3542 fuisse
1266 3499 1393 3542 neoniam,
1423 3481 1449 3538 ei
1464 3481 1608 3538 Pauluaoo

445 3585 586 3658 gloriatur
600 3585 629 3642 in
645 3585 848 3656 discipulorum
862 3586 979 3657 pietate,
995 3586 1130 3658 gaudium
1146 3589 1176 3643 el
1192 3602 1321 3644 eoronam
1345 3601 1424 3642 eumn
1440 3582 1506 3640 illos
1522 3599 1574 3654 up·

446 3686 569 3759 pollens,
582 3687 631 3761 qui
647 3687 719 3746 nihil
734 3691 795 3746 aral
810 3687 866 3745 nisi
883 3687 1062 3758 disponmlor
1078 3688 1166 3745 alieni
1181 3685 1325 3746 rnunorie:
1356 3701 1448 3743 annon
1469 3683 1566 3742 Domi-

452 3806 506 3847 nue
521 3790 613 3862 magis
628 3790 768 3864 gloriatur
782 3807 867 3865 eupor
882 3791 928 3850 his
944 3809 995 3862 pro
1011 3790 1117 3864 quibua
1132 3792 1261 3849 nreriuue
1284 3786 1350 3847 ael?
1376 3789 1431 3847 iam
1452 3788 1527 3861 quod
1544 3787 1572 3844 in

446 3893 520 3951 libro
535 3894 586 3953 Iob
602 3894 637 3951 ad
653 3883 728 3953 huno
743 3895 854 3952 modum
870 3895 988 3952 aalanae
1004 3892 1130 3966 loquitur·
1143 3891 1296 3950 Dorulaus:
1320 3907 1399 3948 uum
1414 3889 1574 3947 animad-

514 4148 529 4201 7
548 4147 647 4201 Matilo.
666 4149 692 4210 5,
711 4148 751 4200 16.
943 4146 1037 4200 ‘lGal
1060 4146 1083 4210 l,
1102 4144 1144 4198 Ἃ.
1347 4141 1378 4195 13
1396 4140 1468 4194 Rern.
1490 4141 1514 4202 1,
1532 4141 1576 4193 al.

443 4233 479 4287 ‘20
499 4235 510 4285 l
530 4233 588 4288 Cor.
607 4235 632 4297 6,
650 4233 703 4287 20.’
845 4233 880 4286 34
899 4231 947 4284 lob
966 4235 989 4294 1,
1008 4231 1033 4285 8.
