4000 5066
432 375 497 442 250
906 370 1090 441 Appendin

433 534 573 591 coctam
595 548 706 604 aqna,
734 529 808 590 nisi
829 530 1007 600 assatam,
1034 530 1149 603 caput
1176 544 1254 588 oum
1275 527 1433 601 pedibus
1454 531 1490 586 et
1512 527 1564 584 in·

434 633 619 705 teranais,
655 631 753 692 nihil
786 629 1062 706 derelinquetis
1096 646 1137 690 ex
1171 628 1225 690 eis
1246 630 1283 688 in
1316 645 1427 701 mana,
1461 631 1496 688 et
1525 644 1564 687 os

435 752 502 795 non
524 735 778 810 contringctis
799 734 842 792 ab
864 751 919 795 eo:
949 749 1040 808 qnae
1068 737 1186 794 autem
1209 731 1397 793 derelicta
1418 730 1565 791 luerint

435 839 475 898 de
498 853 537 897 so
559 854 674 911 usqne
697 835 733 896 in
753 853 872 909 mane,
903 835 982 910 igni
1004 835 1266 896 cremabuntur
1289 835 1338 913 [ex
1365 833 1564 894 intestinis

434 941 514 999 eins
536 940 724 1000 uorabitis
744 940 829 1014 post
851 955 951 997 suam
973 937 1211 1015 occisionem].
1239 939 1292 998 sio
1313 939 1430 997 autern
1451 953 1585 996 come-s

437 1041 533 1102 detis
555 1058 649 1102 eum:
672 1039 786 1101 lumbi
806 1040 926 1100 uestri
949 1039 1158 1114 praecincti
1181 1042 1216 1101 et
1243 1038 1388 1114 caligae
1410 1041 1562 1098 uestras

434 1143 470 1203 in
503 1145 661 1216 pedibus
693 1143 832 1203 nestris
864 1145 900 1202 et
931 1142 1064 1203 bacula
1096 1144 1223 1202 uestra
1249 1142 1286 1201 in
1317 1140 1485 1201 manibus
1507 1155 1564 1198 ua·

434 1245 543 1317 stris,
580 1249 616 1306 st
648 1243 772 1304 edetis
805 1259 883 1304 eum
915 1243 1164 1304 festinanter:
1198 1243 1346 1306 Pascha
1378 1245 1438 1302 est
1470 1241 1565 1302 enim

433 1347 586 1406 Domini.

405 1445 424 1502 2
478 1448 629 1522 Praecepit
654 1448 745 1522 igitur
760 1447 837 1508 Deus
864 1463 915 1522 psr
930 1447 1047 1524 Moysen
1075 1449 1227 1508 uniuersae
1252 1464 1412 1524 synagogae
1438 1446 1562 1508 illiorum
1573 1463 1601 1503 10

436 1550 527 1611 Israel
553 1551 584 1608 in
608 1567 705 1611 menso
719 1566 803 1622 nono,
831 1551 879 1623 qui
896 1552 941 1609 est
955 1551 1071 1610 initium
1086 1551 1227 1610 mensium
1249 1550 1358 1624 primus
1372 1551 1403 1608 in
1418 1550 1564 1610 mansibus

434 1652 512 1722 anni,
541 1652 571 1710 in
585 1668 641 1726 quo
655 1651 756 1710 habitu
772 1653 888 1710 odorent
902 1651 1016 1712 Pascha
1039 1654 1143 1725 quarta
1157 1651 1267 1712 decima
1281 1653 1358 1724 luna,
1384 1651 1421 1710 ad
1435 1650 1489 1710 hoe
1504 1651 1563 1708 uti·

434 1769 489 1826 qne
504 1754 581 1811 utet
596 1769 676 1812 suam
692 1751 873 1811 diuinitatem
888 1752 1070 1812 erodentibus
1091 1752 1176 1812 nohis
1191 1753 1221 1812 in
1237 1753 1351 1812 christo
1366 1751 1564 1812 manifestaret

433 1857 463 1914 at
488 1853 604 1914 illorum
629 1852 811 1913 latrocinium
838 1854 895 1913 iam
915 1857 984 1912 tunc
1007 1854 1043 1913 ab
1060 1854 1144 1914 initio
1159 1854 1268 1915 saeouli
1282 1855 1510 1926 demonstrarat,
1534 1856 1564 1912 at

433 1956 482 2029 qni
508 1955 539 2014 in
559 1956 693 2030 Aegypto
719 1956 755 2014 ad
781 1972 931 2029 uesperam
945 1955 975 2014 id
1001 1957 1046 2014 est
1061 1957 1092 2014 in
1119 1955 1277 2016 nouissima
1301 1956 1406 2016 saeculi
1433 1958 1562 2030 tempora
1575 1971 1600 2008 ιε

434 2058 590 2133 praecincti
609 2060 640 2117 et
666 2057 785 2118 edocati
806 2053 947 2118 oducrsus
969 2075 1075 2132 agnum
1090 2058 1143 2116 Dei
1158 2058 1373 2118 immaculatum
1399 2057 1491 2131 prima
1517 2057 1562 2116 dis

432 2177 594 2236 azymorum
610 2160 647 2219 ad
661 2175 809 2233 uesperam
825 2177 888 2219 oum
904 2159 1011 2233 gladiis
1025 2163 1055 2218 et
1076 2158 1204 2218 fustibus
1219 2159 1363 2233 axisrunt,
1386 2162 1416 2218 et
1429 2160 1564 2219 uniuersa

433 2277 506 2334 quae
532 2263 570 2321 ab
596 2262 727 2322 omnibus
754 2262 902 2337 prophetis
927 2261 1076 2336 praedicte
1096 2260 1211 2322 fuerant
1225 2262 1255 2320 in
1270 2279 1335 2322 snm
1349 2261 1561 2321 commiserunt.

434 2367 463 2422 at
478 2363 541 2422 ideo
557 2363 606 2437 qui
621 2362 679 2422 iam
705 2380 762 2424 non
789 2366 944 2424 seeundum
970 2364 1124 2438 imaginem
1152 2363 1228 2424 sicud
1249 2363 1305 2436 illi,
1332 2365 1383 2424 eod
1405 2364 1559 2423 seeundum

432 2466 584 2524 ueniatom
621 2465 651 2522 in
681 2465 975 2525 commemorationem
1004 2464 1148 2538 passionis
1178 2463 1231 2523 tilii
1256 2463 1310 2524 Dei
1335 2464 1447 2524 Pascha
1482 2464 1556 2524 oela-
1569 2473 1596 2514 »ο

432 2567 564 2640 bramus,
590 2567 664 2626 nihil
690 2567 769 2626 aliud
788 2567 920 2640 inprimis
946 2568 1003 2628 nisi
1030 2583 1156 2627 mensem
1183 2584 1287 2627 nouum
1309 2566 1373 2641 quis
1388 2565 1428 2626 sit
1442 2569 1472 2624 et
1486 2565 1560 2624 unde

431 2667 551 2743 incipiat
565 2671 596 2728 et
615 2669 665 2729 nbi
691 2668 773 2728 finiat
798 2669 870 2728 totis
895 2669 1006 2729 uiribus
1029 2669 1095 2730 lidei
1117 2675 1233 2729 nostrae
1248 2667 1402 2744 diligenter
1415 2667 1560 2741 requirere

431 2772 574 2831 debemus.
590 2773 621 2832 et
631 2775 701 2831 tuno
711 2771 898 2844 insaniemus,
913 2789 966 2831 neo
977 2777 1045 2831 ente
1056 2790 1110 2832 neo
1121 2775 1187 2846 post
1202 2771 1290 2830 xlm
1301 2772 1398 2831 lunam
1413 2770 1558 2830 inuentam

430 2887 514 2945 posse
529 2873 567 2932 ah
582 2872 653 2948 ipsis
669 2873 784 2933 Iudaeis
798 2874 911 2933 Pascha
926 2874 1082 2932 obseruari.

406 2980 425 3038 3
479 2974 558 3044 Quod
585 2975 679 3048 ipsum
707 2975 820 3048 quidem
842 2976 989 3034 euidenter
1009 2974 1127 3051 incipiet
1147 2976 1229 3036 nohis
1253 2975 1401 3036 ostendere
1416 2977 1515 3034 sancta
1531 2977 1597 3031 eun

432 3075 531 3134 diuina
561 3075 702 3136 Geneseos
732 3077 874 3149 scriptura
913 3076 1028 3136 dicens:
1064 3079 1102 3136 in
1134 3077 1320 3152 principio
1349 3075 1559 3136 fecitDaus
1668 3155 1673 3160 .

432 3177 574 3237 caelum
603 3181 638 3237 et
666 3180 812 3239 terram.
841 3181 942 3239 terra
964 3182 1083 3240 autem
1105 3183 1186 3239 orat
1207 3178 1424 3239 inuisibilis
1452 3182 1486 3236 et
1507 3178 1559 3236 in·

434 3279 650 3353 composita,
674 3283 712 3340 st
732 3281 908 3341 tenchrae
930 3285 1035 3341 erant
1057 3297 1168 3356 super
1190 3284 1371 3356 abyssum,
1394 3283 1430 3340 ot
1451 3279 1561 3356 spiri·

517 3461 534 3516 6
552 3461 618 3518 Gen.
637 3464 662 3528 1,
679 3463 756 3518 d-ia

499 3647 631 3702 drolicia
648 3663 680 3702 co
800 3649 862 3702 lin
881 3663 965 3702 enac
1092 3650 1187 3718 igneo
1308 3663 1389 3702 ex...
1402 3649 1559 3703 occisionem

430 3733 516 3788 ouab
621 3733 683 3787 'let
700 3732 842 3787 bacolan.
860 3733 878 3786 i.
896 3749 931 3786 un.
950 3733 1051 3787 nestris
1069 3749 1153 3789 oseae
1255 3735 1390 3798 Seumb,
1409 3733 1478 3787 illud
1495 3751 1527 3788 co

431 3817 465 3871 12
482 3817 603 3874 adhunc
706 3817 740 3871 13
758 3821 790 3872 nt
808 3833 892 3873 ora.o
996 3818 1030 3872 14
1048 3818 1157 3873 illorum
1176 3819 1199 3886 d,
1218 3835 1309 3873 eornm
1328 3835 1359 3874 oo
1469 3823 1496 3872 st
1514 3820 1560 3886 qni

429 3903 450 3960 i.
468 3919 492 3958 a.
511 3918 537 3958 a.
555 3917 696 3973 uesperam
714 3918 797 3958 om.e
910 3903 944 3958 ld
960 3906 1083 3972 tempora
1101 3919 1188 3962 coac
1303 3905 1336 3959 16
1353 3905 1527 3960 aduersumc

429 3988 474 4042 dei
492 4003 592 4056 agnum
611 4003 643 4042 eo
793 3987 825 4041 17
843 3989 967 4042 uniuersa
985 4005 1037 4043 om.
1056 4003 1070 4042 o
1227 3991 1260 4045 18
1278 3990 1416 4059 prophetis
1435 3989 1526 4044 deice

430 4071 619 4141 praedicaiab
723 4073 756 4126 19
774 4071 833 4141 qui]
851 4074 946 4142 quise
1050 4073 1107 4128 illie
1125 4075 1153 4128 st
1171 4075 1196 4139 b,
1214 4075 1321 4144 priuac
1423 4074 1458 4128 20
1475 4073 1560 4145 passi-

432 4158 490 4212 onis
507 4172 592 4214 οπο
670 4157 705 4212 21
724 4160 784 4227 quis
807 4159 846 4222 W,
865 4173 932 4228 quae
949 4174 972 4222 o,
991 4159 1072 4229 quib
1150 4160 1185 4214 23
1203 4162 1301 4228 quarta
1319 4159 1421 4215 decima
1437 4159 1501 4214 luna
1519 4158 1561 4212 in-

430 4243 546 4298 uentab
649 4243 684 4298 24
701 4243 872 4300 obsonareo
976 4246 1010 4300 25
1028 4245 1143 4314 incipiat
1160 4261 1191 4301 co
