4016 5054
636 430 681 483 De
699 427 873 484 duodecim
892 427 1051 482 abusiuis
1069 426 1199 482 saeculi
1218 442 1240 482 a
1258 427 1339 482 2—3.
1494 435 1554 497 155

416 585 574 645 ministrari
584 585 639 645 sibi
649 585 700 645 ille
715 584 852 661 sperabit,
862 585 913 659 qui
923 583 953 643 in
965 585 1161 646 adulescentia
1172 584 1334 646 senioribus
1345 584 1552 645 oboedientiam

416 689 551 749 exhibere
566 689 744 748 contemnit?
759 690 879 748 undeet
893 687 923 746 in
938 688 1088 762 prouerbio
1104 687 1181 762 apud
1196 689 1310 748 ueteres
1323 687 1462 761 babetur,
1477 687 1555 761 quod

418 791 522 852 seruiri
541 792 667 866 nequeat
681 789 731 865 qui
746 789 827 865 prius
841 788 928 850 alicui
943 789 1112 851 seruitutem
1127 789 1265 864 praebere
1280 789 1412 864 denegat
1433 793 1554 864 propter

418 895 493 968 quod
508 899 538 954 et
552 893 692 954 Dominus
706 894 792 953 Iesus
806 893 837 952 in
852 893 1029 967 munoribus
1045 910 1114 953 ause
1123 891 1244 978 loannis,
1265 893 1332 952 dum
1348 893 1442 953 adbuc
1455 893 1493 952 ad
1507 891 1551 952 le·

394 996 547 1070 ngitimam
572 999 697 1056 aetatem
723 994 847 1056 doctoris
862 1011 918 1054 non
938 995 1077 1069 peruenit,
1103 994 1287 1056 oboedienter
1312 992 1553 1054 ministrationem

416 1097 584 1172 parentibus
599 1098 660 1157 suis
671 1097 811 1156 exhibuit,
827 1097 903 1157 sicut
917 1112 985 1171 ergo
995 1097 1027 1156 in
1037 1095 1156 1156 senibus
1170 1097 1312 1156 sobrietas
1322 1096 1353 1155 et
1363 1113 1472 1156 morum
1487 1104 1551 1169 por·

416 1199 502 1260 lectio
516 1199 688 1274 requiritur,
705 1199 747 1258 ita
761 1197 791 1258 in
807 1196 1037 1258 adulescentibus
1050 1197 1218 1273 obsequium
1228 1202 1259 1258 et
1273 1197 1413 1258 subiectio
1423 1199 1455 1257 et
1468 1198 1554 1258 oboa-

416 1301 525 1362 dientia
546 1301 602 1361 rite
617 1301 746 1361 debetur.
769 1303 942 1374 quapropter
961 1302 992 1360 et
1012 1300 1041 1359 in
1058 1299 1204 1360 mandatis
1219 1299 1293 1374 legis
1313 1299 1437 1386 primum
1458 1299 1489 1359 in
1504 1299 1554 1359 bis

416 1421 488 1479 quae
510 1405 546 1464 ud
567 1403 699 1463 homines
718 1402 864 1476 pertinent
884 1403 976 1477 patrie
999 1404 1029 1462 et
1050 1403 1153 1462 matris
1174 1403 1267 1463 honor
1288 1403 1461 1478 imponatur,
1484 1401 1554 1477 quia

382 1527 407 1564 ro
416 1504 549 1580 quamuis
568 1504 694 1565 carnalis
714 1507 798 1579 pater
812 1521 867 1565 non
895 1505 1087 1578 supemixerit
1107 1508 1158 1565 ant
1179 1505 1316 1580 indignus
1338 1504 1445 1577 luerit,
1466 1503 1554 1564 alicui

415 1611 512 1667 tamen
526 1607 604 1682 patri
619 1607 706 1681 digno
721 1611 751 1666 et
765 1606 876 1668 uiuenti
889 1611 1026 1681 patemus
1040 1608 1233 1682 honoresque
1248 1607 1285 1667 ad
1299 1607 1416 1682 dignam
1428 1608 1555 1667 aetatem

415 1707 516 1768 allilia
531 1708 712 1783 praebendus
727 1723 792 1768 esse
807 1710 978 1769 ostenditur.
1000 1712 1136 1783 quattuor
1157 1710 1265 1770 etenim
1285 1710 1379 1770 modis
1392 1725 1444 1782 per
1458 1708 1552 1782 scrip·

415 1812 496 1870 turas
511 1809 624 1870 diuinas
633 1813 731 1884 patres
741 1814 888 1884 uocantum,
902 1813 957 1872 boc
971 1815 1016 1871 est
1029 1814 1134 1870 natura
1148 1815 1235 1886 gente
1244 1811 1437 1873 admonitione
1448 1812 1554 1870 aetate.

416 1913 450 1972 de
477 1915 559 1986 patre
585 1929 709 1987 namque
735 1913 860 1972 naturali
886 1914 971 1973 Iacob
993 1915 1030 1972 ad
1043 1914 1142 1974 Laban
1169 1915 1313 1989 loquitur:
1342 1915 1420 1972 nisi
1442 1913 1553 1976 timor

381 2015 537 2090 epatris
564 2013 631 2075 mei
657 2015 763 2074 Isaac
789 2014 993 2088 adfuisset,
1021 2015 1183 2076 tulisses
1211 2014 1328 2075 omnia
1356 2031 1448 2088 quae
1476 2031 1553 2074 mea

416 2121 511 2176 sunt.
533 2119 621 2192 gente
643 2133 712 2177 uero
735 2119 817 2191 pater
832 2116 946 2192 dicitur,
961 2119 1075 2192 quando
1090 2117 1229 2178 Dominus
1244 2119 1281 2176 ad
1296 2117 1415 2192 Moysen
1431 2119 1466 2177 de
1481 2119 1553 2178 rubo

415 2217 602 2292 loquebatur,
626 2234 691 2293 ego
706 2235 797 2297 eum,
820 2217 967 2292 inquiens,
991 2218 1088 2278 Daue
1110 2221 1254 2294 patrum
1275 2219 1436 2289 tuornm‘,
1459 2217 1553 2277 Deus

416 2319 610 2393 Abraham,
632 2321 730 2380 Deus
745 2320 860 2394 Isaac,
875 2319 970 2380 Deus
985 2319 1105 2380 Iacob.
1122 2321 1216 2380 aetate
1227 2321 1325 2380 autem
1337 2319 1446 2394 pariter
1457 2321 1489 2378 et
1499 2319 1552 2379 ad-

415 2422 571 2482 monltione
584 2424 668 2497 pater
683 2423 799 2494 dicitur,
815 2440 879 2482 cum
892 2422 1006 2498 Moyses
1022 2421 1052 2480 in
1063 2419 1174 2481 cantico
1184 2421 1398 2482 Deuteronomii
1409 2421 1553 2496 loquitur:

384 2524 616 2598 reinterroga
644 2527 785 2599 patrem
819 2526 934 2597 tuum,
963 2526 998 2583 et
1020 2523 1265 2583 adnuntiabit
1286 2522 1358 2583 tibi
1388 2523 1555 2599 [maiores

415 2629 508 2699 tuos,
532 2629 568 2686 et
590 2627 717 2686 dicent
739 2625 832 2702 tibi].
855 2626 932 2704 qnod
953 2625 979 2684 si
993 2643 1061 2699 ergo
1075 2625 1219 2685 naturalis
1234 2629 1317 2699 pater
1331 2629 1479 2699 superstes
1496 2641 1551 2684 non

415 2727 504 2788 fuerit
519 2731 570 2788 ant
584 2728 723 2802 indignus
738 2727 836 2801 luerit,
853 2728 1016 2787 admonenti
1031 2731 1127 2788 tamen
1142 2729 1194 2786 aut
1209 2727 1316 2787 seniori
1330 2728 1368 2788 ab
1382 2727 1552 2786 adnleseen-

416 2830 494 2890 tibus
510 2830 691 2891 oboedientia
701 2832 867 2905 praebenda
875 2831 939 2890 erit.
955 2831 1095 2903 quemodo
1108 2829 1183 2889 enim
1195 2830 1352 2889 honoratus
1363 2827 1394 2887 in
1407 2831 1554 2888 senectute

486 3068 728 3132 reuomente.
833 3070 866 3122 17
884 3069 932 3126 Dr.
951 3069 1020 3135 36.
1124 3071 1160 3125 20
1178 3071 1259 3127 Dent
1276 3072 1321 3138 32,
1339 3072 1364 3126 7.

484 3284 499 3334 1
518 3281 669 3335 ministrari
686 3280 740 3334 eibi
757 3279 823 3348 (sibi
841 3297 892 3336 ores
915 3281 993 3351 ΟΨ)
1011 3281 1059 3336 ille
1075 3282 1131 3352 (illi
1152 3283 1189 3352 V)
1212 3283 1274 3351 GV,
1299 3285 1409 3355 obsequi
1433 3286 1487 3341 sibi
1505 3285 1555 3342 ille

417 3369 454 3431 Χ,
473 3365 536 3419 aliis
555 3365 737 3418 ministerium
755 3380 772 3418 o
938 3369 1029 3436 sperat
1050 3366 1076 3422 G
1092 3367 1141 3422 aed
1158 3372 1189 3422 at
1205 3369 1238 3422 ia
1254 3385 1320 3435 raa,
1339 3372 1486 3440 imperabit
1502 3391 1519 3429 c

414 3466 443 3502 se
461 3448 611 3503 senioribus
629 3451 675 3504 Xo
789 3450 971 3505 oboedientem
992 3451 1033 3506 Vn
1145 3452 1280 3508 beamine
1301 3455 1334 3521 V,
1352 3455 1520 3514 dominarier

416 3534 544 3603 denegat]
561 3537 678 3603 nequeat
699 3535 725 3589 V
860 3535 959 3591 idum
978 3551 1029 3592 orn.
1048 3539 1081 3591 X
1212 3525 1370 3610 biennenit
1396 3545 1435 3607 X,
1462 3558 1558 3612 perue-

416 3623 493 3673 nerat
515 3617 556 3672 Vo
660 3619 677 3673 6
695 3620 752 3675 suis
769 3635 820 3676 om.
839 3623 872 3674 X
979 3621 1109 3693 exhibuit]
1129 3623 1306 3692 praestitito
1409 3627 1494 3699 iiia]
1513 3629 1555 3684 ita

416 3706 533 3758 etiamn
646 3706 663 3759 8
681 3705 768 3775 etin]
785 3706 814 3761 in
836 3706 862 3760 V
964 3706 997 3760 1³
1014 3707 1207 3778 admonitione]
1228 3709 1374 3779 adoptione
1392 3714 1425 3766 X
1528 3733 1543 3770 e

416 3792 506 3844 aetate
523 3807 541 3845 o
703 3791 738 3846 14
755 3791 903 3846 naturali·-
924 3792 955 3859 V,
972 3793 1133 3848 naturaliter
1156 3793 1229 3861 GK,
1247 3794 1315 3859 fort
1333 3799 1455 3853 naturali
1471 3815 1520 3870 per

417 3877 450 3930 16
467 3873 501 3929 de
519 3874 586 3930 rubo
604 3875 639 3930 ad
657 3891 767 3945 moysen
784 3893 801 3930 o
921 3878 955 3932 18
971 3877 1074 3948 pariter
1090 3882 1119 3933 et
1136 3881 1287 3937 monitione
1305 3885 1343 3948 X,
1361 3887 1439 3952 pater
1455 3885 1557 3941 dicitur

416 3963 443 4014 et
460 3961 530 4016 adm.
554 3960 585 4026 V,
604 3986 752 4017 .......
769 3965 798 4018 et
814 3963 1006 4018 ammonitione
1028 3963 1053 4019 0
1069 3965 1118 4020 red
1135 3979 1180 4020 arn
1196 3982 1218 4024 r.
1236 3967 1254 4023 l
1271 3984 1306 4022 m.
1325 3971 1354 4034 2,
1372 3973 1402 4025 et
1418 3970 1491 4026 adm.
1510 3987 1559 4042 pa·

415 4046 513 4100 nitere
612 4045 648 4100 20
665 4045 841 4103 adnuntiauit
863 4048 944 4103 ΨΧ·
1032 4050 1147 4105 maiores
1163 4053 1186 4108 t.
1205 4069 1229 4106 e.
1247 4053 1273 4108 d.
1292 4055 1348 4109 tibi
1365 4071 1416 4110 orca
1439 4057 1526 4112 GXV

414 4131 448 4182 21
466 4130 537 4200 quod
555 4147 607 4186 oca
629 4132 661 4196 V,
680 4131 751 4187 uude
769 4135 802 4186 X
892 4149 956 4202 ergo
973 4149 1024 4188 om.
1043 4137 1076 4188 X
1175 4139 1253 4205 pater
1270 4154 1321 4193 orn.
1340 4141 1371 4193 X
1468 4142 1504 4196 m
1522 4143 1557 4198 ab

414 4214 628 4272 aduliscentibus
649 4221 672 4272 G
678 4216 710 4280 V,
729 4215 897 4273 adulescenti
915 4221 954 4286 X,
971 4217 1185 4277 adolescentiae
1303 4224 1340 4280 23
1356 4227 1429 4282 enim
1449 4243 1500 4283 om.
1523 4228 1555 4295 V,

416 4316 478 4368 orgo
497 4319 513 4355 ι·
