4012 5056
464 455 506 518 34
938 447 1123 517 Appendix.

463 606 635 680 praemicat
650 608 751 679 parate
765 605 939 679 discrimina,
956 607 1148 679 quantamque
1160 605 1235 664 inter
1255 621 1286 665 sc
1303 606 1430 666 habeant
1443 605 1602 666 diiiicults·
1664 645 1666 650 -

463 711 522 768 tem
548 725 595 768 res
619 715 755 782 utrasque
782 707 947 782 conspicito.
971 723 1024 768 nee
1049 707 1123 767 enim
1150 709 1259 782 poteris
1286 709 1415 770 confiteri
1440 707 1498 768 nisi
1525 709 1602 768 scias
1632 749 1634 756 ·

463 814 600 887 quantum
616 827 730 882 noceas,
745 809 771 869 si
786 809 911 884 negaris.
927 809 1005 870 eaelo
1019 813 1160 886 martyras
1170 812 1306 885 gaudent,
1323 810 1456 873 ueritatis
1471 811 1602 872 inimicos

462 915 540 990 ignis
555 915 696 974 adsumet.
718 913 885 986 paradisum
900 911 954 970 Dei
969 911 1092 973 testibus
1106 912 1199 986 floret,
1219 916 1371 988 negatores
1386 914 1519 989 gehenna
1533 931 1600 973 con-

463 1017 548 1091 plexa
561 1018 695 1075 aeternus
719 1013 796 1090 ignis
811 1014 976 1074 inardescit.
992 1016 1022 1074 et
1036 1016 1070 1073 nt
1084 1014 1120 1073 de
1135 1015 1241 1075 ceteris
1256 1017 1376 1089 tecam,
1403 1017 1459 1075 boc
1472 1032 1525 1075 nos
1539 1015 1621 1074 oti-a

463 1125 532 1195 qus·
541 1119 635 1192 magis
657 1117 742 1179 debet
765 1117 874 1178 hortari
889 1119 965 1192 quod
980 1117 1121 1178 confessio
1141 1117 1222 1178 uocis
1236 1119 1323 1178 unius
1339 1118 1447 1178 Christi
1462 1121 1602 1194 perpetua

463 1220 643 1282 confessione
655 1222 797 1292 seruetur,
812 1218 888 1278 sicut
899 1218 1037 1292 scriptum
1052 1221 1112 1279 est:
1134 1219 1197 1294 qni
1210 1236 1263 1279 me
1276 1219 1470 1281 confessus
1485 1219 1603 1279 inerit

462 1323 498 1382 in
520 1321 771 1382 torriacoram
787 1320 1008 1394 hominibus,
1031 1325 1067 1382 et
1082 1339 1149 1396 ago
1164 1321 1469 1383 confiteborcum
1484 1338 1601 1382 coram

462 1427 568 1499 patre
590 1438 666 1483 meo
688 1425 723 1481 et
743 1437 863 1482 coram
885 1421 1031 1496 angelis
1053 1423 1145 1482 eius.
1168 1424 1262 1484 adhue
1282 1424 1421 1483 accedunt
1441 1423 1478 1482 ad
1492 1423 1601 1498 gloriae

462 1526 608 1586 cumulum
623 1526 793 1584 ornamenta
805 1523 956 1585 uirtutum
982 1525 1127 1586 aitenim:
1153 1525 1359 1599 fulgebunt
1380 1525 1492 1584 etiam
1514 1527 1602 1584 tam·
1612 1540 1638 1580 ro

462 1645 565 1703 quam
595 1625 792 1686 scintillas
821 1627 859 1687 in
893 1627 1155 1688 arundinetum
1193 1627 1473 1701 discurrentes,
1509 1627 1602 1688 iudi-

462 1731 601 1790 eabunt
621 1729 795 1788 nationes
815 1731 852 1788 at
874 1728 1161 1789 dominabuntur
1183 1729 1343 1804 populis.

416 1837 456 1896 la
510 1831 618 1906 Magna
638 1833 685 1890 est
707 1830 782 1889 enim
807 1830 935 1903 claritas,
950 1831 1054 1890 tratres
1069 1830 1223 1903 rarissimi,
1245 1830 1337 1892 uitam
1352 1832 1455 1890 salutis
1470 1833 1603 1891 aeternas

468 1933 618 1995 honeamte
632 1931 776 2008 passionis
791 1949 900 2012 ornare,
928 1949 1031 2006 magna
1045 1930 1209 1992 sublimitas
1224 1934 1292 1992 ante
1307 1949 1358 1992 ora
1372 1933 1487 1994 Domini
1502 1950 1603 2006 aspec-

462 2041 581 2111 tumque
602 2035 711 2095 Christi
734 2037 877 2110 potestate
904 2051 1015 2094 summa
1029 2035 1171 2093 tormenta
1191 2036 1372 2094 contemnere
1397 2053 1450 2094 nac
1475 2036 1638 2096 horrorum

463 2140 506 2200 sic
521 2138 623 2198 Daniel
638 2139 733 2197 minas
747 2138 825 2212 regis
841 2140 870 2197 et
885 2137 998 2196 leonum
1018 2137 1199 2196 frementium
1221 2136 1331 2196 rabiem
1345 2154 1396 2210 por
1411 2137 1604 2197 substantiam

461 2239 529 2301 fidei
548 2256 617 2300 suae
638 2239 718 2309 uicit,
740 2241 808 2299 dum
827 2237 1001 2298 adorandum
1022 2236 1095 2297 nulli
1116 2237 1166 2297 alii
1195 2253 1261 2298 esse
1287 2255 1372 2312 quam
1387 2239 1447 2298 Deo
1469 2238 1603 2298 credidit.

462 2341 505 2401 sic
520 2342 550 2400 in
565 2343 676 2402 camino
691 2341 789 2415 pueris
804 2340 971 2400 constitutis
986 2340 1016 2398 in
1031 2356 1062 2399 se
1078 2340 1151 2398 arsit
1165 2340 1338 2411 incendium,
1356 2341 1422 2399 dum
1437 2342 1519 2414 ignes
1534 2341 1604 2399 iusti

461 2443 596 2519 tolerant,
613 2444 689 2517 quod
703 2444 739 2502 de
754 2443 886 2517 gebeina
899 2441 1018 2502 Domino
1033 2441 1171 2500 credendo
1191 2442 1366 2500 metuebant.
1388 2441 1464 2500 uude
1481 2444 1511 2501 et
1525 2444 1602 2501 retu·

462 2545 522 2605 lere
541 2545 692 2619 condigna,
716 2562 774 2603 non
795 2545 826 2603 in
847 2547 992 2618 posterum
1016 2544 1111 2614 tracti,
1132 2560 1188 2602 non
1203 2544 1309 2602 salutis
1324 2546 1457 2602 aeternae
1472 2544 1635 2616 praemiosa

462 2647 613 2707 reseruati.
636 2647 721 2706 tidem
744 2645 858 2706 illorum
883 2646 961 2704 Dans
987 2645 1070 2717 uidit,
1096 2649 1129 2704 ut
1150 2645 1225 2719 quod
1247 2645 1303 2705 sibi
1324 2649 1389 2719 post
1410 2647 1518 2706 exitum
1532 2662 1600 2719 pro-

460 2747 599 2808 miserant
624 2747 723 2808 uiuere
749 2750 927 2808 mererentur
947 2746 977 2806 in
1003 2762 1128 2820 corpore.
1151 2762 1204 2805 nec
1223 2745 1299 2807 enim
1326 2746 1432 2821 poterit
1452 2747 1600 2807 aestimari

563 2945 579 2998 7
598 2943 663 2999 Luc
682 2944 725 3009 12,
741 2943 768 2998 8.
839 2942 874 2998 10
891 2942 952 3013 Sap.
970 2943 995 3008 3,
1014 2937 1091 2996 7-0.

531 3131 594 3186 iet
611 3133 797 3202 quantamque
813 3130 936 3202 111¹qu
959 3131 988 3184 st
1005 3133 1133 3199 quantam
1157 3129 1252 3185 M'No
1424 3131 1442 3185 2
1465 3131 1601 3201 conspicio

462 3217 500 3282 T,
525 3216 647 3288 conspice
673 3216 697 3287 Q
870 3231 904 3270 na
927 3217 999 3270 enim
1018 3215 1055 3280 Y,
1078 3231 1131 3270 uon
1156 3216 1227 3270 enim
1244 3216 1319 3280 MQ¹
1493 3217 1512 3276 3
1528 3219 1601 3272 tno·

459 3305 520 3358 caat
537 3302 565 3357 L
668 3301 847 3373 negauerisc
948 3302 967 3356 4
990 3301 1113 3356 absumat
1138 3317 1156 3356 o
1258 3301 1400 3371 paradisus
1423 3317 1452 3368 ος
1476 3304 1512 3370 os.
1536 3319 1600 3374 paq.

459 3391 558 3454 28,17
679 3387 699 3446 5
717 3389 893 3455 aeternusque
911 3387 944 3441 N
1061 3385 1177 3440 ardescit
1194 3385 1232 3441 M
1252 3386 1409 3454 (inardescit
1427 3388 1471 3459 Oh
1497 3387 1601 3443 inarde-

461 3475 552 3528 aceto
655 3472 708 3527 hoc
724 3473 785 3543 nos]
804 3471 856 3527 hoc
873 3489 923 3526 nos
942 3471 999 3542 (nos
1017 3487 1086 3526 coer.
1104 3471 1202 3527 innon
1216 3471 1263 3542 Μ)
1279 3474 1386 3528 taoemn
1403 3473 1455 3528 hoc
1471 3488 1520 3528 noe
1543 3471 1567 3543 Q

460 3557 479 3612 8
496 3557 526 3611 in
544 3557 624 3612 terris
641 3571 693 3612 om.
714 3557 738 3628 Q
837 3557 872 3611 10
883 3556 1045 3611 commninrn
1063 3557 1090 3610 T
1184 3557 1370 3621 uirtutiqu
1455 3558 1602 3628 fulgebunt

460 3641 528 3696 iusti
549 3657 567 3696 o
705 3642 788 3697 stiam
808 3640 1368 3713 coos.tactqm.a(ctinmn1),mac
1506 3643 1539 3696 11
1551 3643 1600 3696 ha·

461 3727 604 3782 randineto
622 3728 682 3782 NP
820 3725 856 3784 13
874 3725 975 3780 caritas
992 3725 1013 3784 i.
1031 3743 1053 3781 c
1073 3727 1135 3792 ΩΤ,
1152 3726 1251 3782 frames
1269 3727 1404 3783 mussini
1421 3728 1532 3782 claritas
1549 3744 1566 3783 o

463 3813 499 3870 14
516 3813 583 3868 hore
600 3812 666 3879 ΕΝ,
685 3827 754 3867 sora
773 3811 805 3883 Q,
823 3811 917 3866 horam
936 3811 973 3866 Μ
1072 3812 1118 3867 -lb
1134 3813 1270 3881 potestate
1287 3813 1321 3883 a]
1340 3813 1486 3882 potestatis
1503 3813 1599 3867 huma·

459 3913 511 3952 nae
531 3898 609 3969 QTs
733 3913 809 3954 aneo
827 3897 858 3968 Q,
886 3913 960 3953 unce
977 3913 1011 3951 ne
1029 3897 1055 3950 Τ
1168 3899 1202 3952 16
1219 3899 1292 3968 regis
1310 3915 1361 3954 oca
1382 3898 1433 3970 QT
1540 3914 1601 3954 con·

460 3985 592 4039 stantiam
609 3983 677 4042 M’c
751 3983 785 4040 17
802 3984 909 4040 nulium
928 3983 1012 4039 aiium
1031 3999 1088 4040 esee
1106 3999 1186 4054 qnam
1204 3983 1283 4039 deum
1301 3983 1366 4041 M‘o
1434 3982 1520 4040 credit
1536 3984 1569 4040 N

462 4068 496 4124 18
513 4070 542 4124 in
561 4085 589 4125 se
607 4072 679 4126 seuit
690 4068 734 4126 ‘M
746 4072 845 4128 taran
865 4071 906 4141 (in
923 4089 952 4126 se
968 4073 1037 4128 arsit
1058 4072 1100 4141 Q),
1117 4070 1159 4126 nil
1175 4071 1239 4126 lesit
1257 4071 1292 4128 N
1303 4073 1402 4126 iuras.
1536 4069 1602 4126 dum

459 4170 511 4210 erra
531 4156 557 4210 T
658 4156 733 4226 ignis
751 4157 779 4212 L
877 4157 912 4212 19
929 4157 1010 4228 qnod]
1027 4173 1128 4228 quoae
1229 4157 1266 4212 20
1282 4160 1305 4214 t.
1323 4156 1384 4227 nou]
1403 4155 1488 4210 tracti
1508 4155 1569 4210 ..Ν

459 4239 493 4295 da
511 4243 636 4297 aeternae
660 4242 686 4297 T
873 4243 909 4300 21
931 4243 1021 4300 uidere
1043 4245 1207 4300 morarentur
1229 4259 1259 4309 c,
1282 4245 1315 4298 ut
1338 4243 1493 4298 uererentur
1518 4240 1570 4305 ΘΤ

460 4327 518 4397 nec]
537 4327 603 4382 hacc
622 4327 685 4394 ΒΡ,
702 4328 767 4384 hine
786 4329 819 4386 N
