4016 5054
671 387 716 440 De
732 385 871 455 duplici
889 388 1059 456 martyrio
1084 403 1106 441 c
1125 386 1237 441 10-14.
1457 391 1520 456 229

385 541 477 602 betur.
494 541 650 616 plurimum
665 543 787 604 interest
801 545 877 606 iuter
891 545 1071 606 barbaricam
1087 544 1297 606 immanitatem
1317 548 1348 606 et
1363 553 1517 622 martyrum

383 633 625 708 modestissimam
641 649 834 710 constentiam
849 649 880 708 in
894 667 925 710 se
940 649 1124 723 imbecillem,
1140 649 1171 709 in
1187 649 1300 709 christo
1317 649 1429 710 fortem
1452 652 1520 710 sunt

383 748 434 821 qni
461 750 548 808 certis
574 751 687 810 artibus
703 768 806 826 corpus
831 752 1035 826 stupefaciunt,
1061 768 1097 812 no
1123 753 1252 812 sentiant
1276 753 1436 813 cruciatus:
1466 754 1520 812 hoc

383 852 465 910 modo
481 868 513 910 se
528 851 643 925 quidem
658 853 779 913 malelici
796 854 930 914 muniunt
944 855 1085 914 adeamus
1100 855 1266 914 carnificum
1281 871 1391 914 manus.
1408 857 1521 914 suntet

364 955 505 1013 suffectus
521 954 693 1028 impotentes
709 957 757 1030 qui
773 973 888 1016 sensum
902 958 1033 1016 adimunt
1048 957 1153 1027 auimo,
1169 957 1212 1016 ita
1226 959 1260 1015 nt
1274 958 1322 1015 uel
1333 958 1452 1014 mortem
1465 956 1520 1014 im·

382 1054 480 1128 pauidi
501 1055 657 1128 perierant.
689 1058 739 1117 sed
767 1057 910 1131 placidum
927 1057 999 1117 illud
1014 1075 1048 1118 ac
1063 1060 1259 1130 mansuetum,
1283 1058 1356 1118 illud
1372 1058 1519 1117 humiliter

384 1157 507 1216 sublime
522 1161 552 1217 et
566 1159 729 1219 sublimiter
739 1159 846 1220 humile
863 1179 919 1221 uon
935 1161 1065 1221 uidemus
1087 1160 1145 1220 nisi
1157 1161 1187 1218 iu
1203 1159 1313 1220 Christi
1336 1161 1520 1235 martyribus.

382 1275 440 1317 non
467 1261 622 1318 obtuentur
637 1260 766 1320 trucibus
789 1261 880 1320 oculis
903 1262 1076 1334 carnificem,
1103 1279 1161 1322 uon
1174 1261 1355 1320 minitantur
1380 1265 1517 1336 tyranno:

383 1359 476 1434 magis
491 1361 590 1421 dolent
605 1363 640 1421 de
655 1362 770 1422 illorum
785 1364 924 1422 mecitate
939 1381 1024 1438 quam
1039 1364 1074 1424 de
1090 1365 1152 1423 suis
1167 1363 1380 1424 afflictionibus.
1410 1363 1521 1423 scilicet

348 1462 491 1524 reclamat
517 1466 547 1523 et
571 1463 602 1523 in
625 1464 685 1525 illis
707 1465 855 1525 Christus:
886 1470 996 1540 pater
1025 1466 1181 1542 ignosce
1209 1465 1314 1538 illis,
1345 1465 1432 1540 quia
1464 1483 1522 1526 nc·
1559 1495 1560 1498 ¹

383 1567 509 1626 sciunt
531 1567 621 1641 quid
642 1567 798 1627 iaciunt.
821 1586 877 1627 non
903 1569 982 1627 aliud
1009 1572 1142 1642 spectant
1163 1585 1247 1643 quam
1270 1569 1300 1626 in
1316 1571 1441 1641 caelum,
1473 1571 1520 1628 ubi

382 1686 462 1742 spem
480 1686 591 1729 omnem
608 1670 716 1729 habent
729 1670 897 1742 repositam.
924 1672 966 1730 sic
993 1671 1055 1744 ipse
1070 1671 1211 1730 Dominus
1237 1669 1319 1730 uelut
1344 1687 1436 1744 agnus
1458 1671 1522 1730 sine

383 1788 453 1831 uoce
469 1774 506 1832 ed
521 1772 724 1831 mactationem
739 1774 842 1832 doctus
858 1775 918 1831 est:
935 1775 964 1830 et
980 1773 1005 1832 si
1021 1790 1107 1846 quam
1124 1773 1217 1832 edidit
1233 1789 1348 1843 uocem,
1371 1790 1404 1832 ee
1428 1773 1521 1847 magis

384 1872 543 1933 declarauit
559 1873 684 1932 animum
696 1873 794 1933 mitem
806 1890 840 1932 ac
850 1875 995 1948 placidum
1007 1891 1092 1946 qoam
1104 1875 1196 1934 ullum
1207 1873 1350 1947 potuisset
1363 1874 1520 1934 silentium.

350 1989 374 2026 1⁵
384 1993 469 2050 quam
492 1975 599 2034 blanda
621 1975 747 2034 oratione
774 1977 924 2049 compellat
954 1977 1052 2035 ludam
1084 1976 1268 2048 proditorem,
1296 1993 1380 2048 qnam
1410 1976 1521 2048 placide

383 2078 531 2151 respoudit
561 2094 661 2136 caesum
692 2077 792 2150 slepa,
826 2093 910 2150 quam
946 2077 1019 2135 nihil
1049 2077 1172 2136 ferocius
1202 2077 1329 2150 loquitur
1358 2079 1457 2136 Annae
1493 2082 1523 2136 et

384 2180 520 2250 Caiphae,
545 2195 628 2252 quam
660 2179 815 2251 tranquille
845 2179 994 2251 respoudit
1024 2179 1128 2237 Pilato.
1153 2177 1276 2251 deniqne
1299 2197 1361 2238 cum
1374 2179 1521 2238 Pharisaei

384 2281 465 2340 uelut
479 2280 606 2341 uictores
636 2283 785 2340 mouerent
812 2281 907 2354 capita
933 2297 985 2338 sua
1012 2280 1201 2341 amarissimis
1223 2281 1359 2341 conuiciis
1384 2283 1413 2340 iu
1440 2281 1522 2341 illum

383 2385 603 2454 debacchantes,
619 2383 669 2441 illc
685 2383 856 2441 mitissimus
871 2383 990 2442 clamat:
1013 2388 1121 2456 pater
1136 2385 1289 2458 ignosce
1311 2384 1412 2454 illis,
1435 2385 1523 2457 quia

346 2487 558 2544 aonesciunt
580 2483 667 2558 quid
690 2485 843 2544 iaciunt.

425 2585 490 2644 Nou
509 2587 600 2660 igitur
615 2586 687 2645 mori
704 2602 755 2658 per
770 2603 801 2644 so
816 2586 1011 2646 testimouium
1027 2590 1087 2660 cst,
1109 2589 1160 2646 sed
1182 2587 1226 2646 sic
1240 2588 1310 2646 mori
1326 2591 1371 2648 ost
1386 2588 1516 2646 testium·
1530 2597 1572 2654 14

382 2689 461 2747 nium
478 2685 616 2761 praebere
631 2688 702 2748 Deo.
733 2689 895 2760 Stephanus
912 2689 1028 2749 iuuenis
1056 2689 1132 2748 inter
1153 2689 1312 2750 homicides
1338 2707 1428 2764 agnus
1444 2689 1519 2749 inter

382 2790 466 2862 lupos
481 2791 581 2848 stabat
595 2790 708 2862 placido
724 2790 909 2864 angelicoque
936 2790 1018 2848 uultu
1034 2794 1064 2848 et
1080 2793 1117 2850 ed
1138 2790 1254 2851 Domini
1269 2791 1427 2863 exemplum
1457 2794 1521 2848 orat

382 2906 433 2962 pro
450 2890 649 2965 lapidantibus
664 2907 717 2950 nec
732 2891 803 2950 alibi
819 2890 907 2951 habet
922 2891 1019 2952 cordos
1042 2909 1130 2965 quam
1157 2891 1187 2950 in
1202 2891 1324 2950 caelum.
1348 2890 1410 2951 illic
1425 2890 1522 2952 uidere

346 3009 371 3051 eo
382 2994 505 3064 meruit,
522 2994 605 3053 cuius
619 2993 762 3067 praesidio
777 2995 908 3066 superior
923 2997 987 3052 arai
1002 2994 1251 3066 persequentibus.
1279 2994 1328 3067 qui
1354 3010 1422 3052 uero
1438 2993 1522 3051 timet

383 3094 485 3166 Deum,
502 3113 558 3154 non
576 3096 679 3154 metuit
694 3094 840 3154 homiuum
857 3095 1004 3155 saeuitiae.
1021 3096 1117 3169 quiex
1133 3095 1227 3155 animo
1243 3094 1340 3168 diligit
1356 3095 1445 3154 uitam
1457 3110 1521 3153 caa-

383 3196 493 3272 lestem,
509 3196 595 3256 facilc
611 3197 699 3257 uilem
713 3197 803 3257 babet
817 3198 940 3257 animam
952 3200 1039 3271 atque
1052 3197 1098 3256 illi
1113 3215 1177 3256 cum
1193 3197 1278 3256 beato
1290 3197 1380 3256 Paulo
1392 3198 1427 3256 ui
1436 3212 1522 3256 nere

381 3297 563 3358 Christus
585 3301 651 3370 est,
674 3300 764 3360 mori
787 3299 936 3360 lucrum.
969 3317 1006 3358 au
1022 3317 1078 3360 nou
1099 3299 1203 3373 ingens
1217 3298 1329 3358 lucrum
1344 3301 1390 3358 est
1405 3299 1479 3357 harre
1493 3301 1523 3356 ct

382 3401 499 3461 brenam
515 3404 545 3460 ot
559 3401 719 3461 innumeris
734 3399 821 3460 mulis
836 3403 1060 3460 contaminatam
1075 3401 1166 3460 uitam
1182 3417 1247 3460 cnm
1263 3399 1437 3475 sempiterna
1451 3401 1521 3460 leli·

345 3517 372 3557 uo
382 3503 471 3562 utute
486 3506 683 3564 commutare?
700 3504 748 3563 hic
763 3503 902 3563 Dominus
918 3504 1155 3578 quemadmodum
1171 3507 1201 3562 et
1223 3502 1253 3561 in
1268 3503 1373 3562 ceteris
1389 3502 1519 3562 omnibus

382 3623 446 3667 sese
462 3604 583 3666 formam
600 3605 682 3666 uobis
698 3606 837 3666 exhibuit.
855 3623 941 3681 quum
957 3606 1032 3665 enim
1047 3607 1172 3665 instaret
1185 3607 1330 3665 extremus
1346 3608 1427 3664 actus
1442 3621 1518 3664 mar·

380 3707 449 3780 tyrii
465 3723 550 3781 quem
565 3706 647 3767 aioni
663 3708 693 3766 in
707 3706 815 3768 reculis
831 3711 961 3783 oportere
987 3725 1051 3768 esse
1078 3710 1235 3783 optimum,
1263 3707 1397 3778 secessit,
1414 3707 1520 3767 abiecit

380 3826 443 3868 sese
474 3810 505 3868 in
521 3814 637 3882 terram,
660 3810 769 3884 prolixe
785 3813 872 3884 atque
888 3812 976 3871 etiam
990 3811 1158 3887 frequenter
1186 3829 1220 3871 ac
1241 3811 1399 3886 sanguineo
1415 3811 1519 3870 sudore

379 3916 548 3974 madescens
574 3916 688 3973 nostrae
715 3919 835 3974 naturae
862 3915 891 3974 in
913 3933 945 3976 se
966 3915 1109 3990 expressit
1125 3913 1371 3983 imbecillitatem,
1394 3917 1461 3973 ante
1475 3916 1519 3972 te·

345 4017 476 4074 costatus
503 4015 591 4074 animi
618 4017 744 4075 taedium
771 4034 806 4076 ac
831 4016 980 4076 tristitiam
1009 4033 1098 4091 usquo
1124 4016 1160 4075 ad
1184 4018 1322 4087 mortem,
1347 4032 1382 4074 ne
1408 4031 1462 4074 nos
1490 4017 1520 4074 in

451 4266 487 4318 10
504 4265 565 4318 huo¹
585 4266 627 4328 23,
646 4265 690 4320 34.
796 4267 831 4322 27
850 4267 919 4320 Phil.
944 4271 965 4328 1,
983 4269 1025 4321 er.
