4000 5066
670 375 718 430 De
735 374 865 430 Pesehe
881 377 1060 443 oompntns
1079 389 1101 426 e.
1119 374 1231 427 14-16.
1453 375 1517 440 263

383 536 444 597 tulo
459 551 543 611 quem
558 531 725 608 exponimus
739 532 893 607 seriptum:
910 534 946 590 et
967 534 1053 607 post
1073 529 1155 590 LXII
1178 530 1425 592 hebdomadas
1447 531 1521 592 dis-

383 639 527 715 peribit
549 635 693 710 unotio,
716 639 752 696 et
773 635 952 695 iuditium
974 652 1042 694 non
1064 639 1122 695 est
1144 636 1181 694 in
1203 653 1259 708 eo,
1275 633 1522 696 eteiuitetem

386 741 539 802 utillud
562 743 730 801 semotum
755 740 960 812 corrumpet
981 755 1058 799 oum
1080 737 1153 797 illo
1176 739 1268 797 duee
1289 735 1354 812 qui
1376 737 1520 810 ueniet,

387 848 421 902 et
442 843 669 905 excidentur
691 841 727 900 in
748 840 989 915 oeteolysmo,
1023 843 1059 900 et
1087 857 1205 914 usque
1226 839 1270 898 ed
1291 839 1407 900 iinem
1427 840 1522 898 belli

365 943 554 1005 ebronieti
582 941 810 1004 exterminii.
841 943 1067 1002 excidentur
1095 941 1192 1016 inquoit
1221 941 1258 1001 in
1279 941 1522 1016 oeteolysmo.

388 1046 422 1106 do
431 1045 730 1119 quibushoedioitur?
740 1045 840 1118 utique
850 1047 885 1104 de
896 1045 969 1118 ipsis
979 1045 1097 1104 Indaeis
1107 1045 1159 1118 qui
1170 1044 1236 1118 post
1247 1044 1403 1102 aduentum
1414 1043 1524 1103 Christi

387 1148 479 1208 inille
485 1149 631 1210 obsidione
644 1150 673 1207 et
679 1148 890 1223 expugnatione
897 1147 1067 1221 Vespasiani
1078 1147 1167 1207 exeisi
1181 1149 1212 1206 et
1222 1146 1305 1207 eiecti
1320 1149 1390 1206 sunt
1400 1147 1436 1208 de
1451 1146 1523 1206 oini-

389 1253 449 1312 tete
465 1268 528 1324 suu,
550 1253 582 1310 in
597 1269 654 1325 qua
668 1251 724 1310 iem
740 1269 796 1310 uon
810 1251 931 1310 redeunt
953 1267 1005 1310 neo
1020 1251 1051 1309 iu
1066 1251 1131 1324 ipse
1147 1249 1203 1308 fine
1215 1247 1286 1309 beili
1299 1248 1431 1308 breuieti.
1447 1251 1523 1324 quod

388 1356 434 1414 eet
444 1356 541 1413 eutem
555 1354 610 1413 hoo
621 1352 730 1412 bellum
741 1353 918 1426 breuietum,
934 1352 990 1412 nisi
1014 1352 1182 1412 antichristi
1199 1368 1317 1426 regnum
1332 1351 1409 1426 quod
1424 1368 1524 1412 exsur-

353 1471 456 1530 rogere
471 1455 560 1515 hebet
574 1457 673 1514 oonue
686 1455 825 1528 populum
841 1452 1090 1514 Christianorum?
1108 1454 1165 1528 ipsi
1185 1456 1254 1514 sunt
1275 1454 1337 1512 dies
1363 1454 1398 1513 de
1420 1453 1526 1528 quibus

389 1560 432 1619 eit
458 1558 598 1619 Dominus
623 1559 654 1618 in
679 1557 846 1632 euangelio:
876 1560 914 1617 et
941 1556 1015 1616 nisi
1044 1556 1262 1616 ebbreuieti
1291 1559 1421 1616 essent
1448 1556 1526 1616 dies

390 1659 472 1731 illi,
495 1676 564 1718 non
586 1659 819 1718 libereretur
840 1660 957 1718 omnis
979 1675 1074 1717 oero.

433 1760 613 1820 Restitutum
628 1763 674 1818 est
688 1758 779 1832 igitur
792 1760 930 1833 templum
957 1758 988 1819 in
1013 1758 1128 1818 nomine
1144 1759 1327 1833 protoplasti,
1354 1758 1404 1834 qui
1430 1760 1525 1820 dietus
1538 1767 1576 1826 16

391 1867 437 1923 est
451 1863 556 1932 Adam,
579 1860 656 1918 sicut
670 1877 758 1930 supro
773 1859 906 1927 diximus,
928 1862 994 1932 post
1016 1877 1106 1919 eunos
1121 1859 1224 1920 XLVI.
1246 1860 1289 1919 sio
1310 1861 1408 1920 eutem
1430 1865 1527 1920 osten·

356 1983 380 2022 re
392 1965 471 2024 ditur
486 1962 517 2022 in
533 1962 645 2022 nomine
660 1962 769 2034 Adon,
791 1979 856 2021 oum
878 1964 954 2034 apud
969 1961 1091 2020 Graecos
1106 1961 1200 2036 prime
1214 1961 1315 2020 littore
1328 1962 1452 2021 nominis
1466 1961 1528 2023 eius

390 2065 495 2125 dieitur
509 2064 597 2137 sipha
611 2063 683 2142 μία,
700 2066 824 2124 seeunde
836 2067 930 2122 eutem
944 2064 1022 2122 delto
1036 2056 1208 2140 τέσσαρες,
1225 2063 1312 2122 tertie
1325 2064 1431 2123 iterum
1441 2065 1528 2138 elphe

391 2166 451 2247 μία
463 2169 494 2226 et
504 2169 608 2238 quarto
618 2165 659 2224 mi
670 2158 924 2244 τεσσαράκοντα
935 2166 965 2224 et
976 2165 1019 2224 sio
1029 2164 1063 2223 fit
1073 2181 1211 2224 numerus
1223 2181 1273 2224 sex
1285 2167 1314 2224 et
1324 2165 1526 2239 quadreginn.

391 2268 443 2342 qui
457 2284 593 2326 numerus
607 2284 747 2326 annorum
759 2267 801 2326 sie
812 2267 1080 2341 eomprehendstur:
1097 2283 1162 2326 oum
1173 2283 1190 2324 e
1201 2265 1247 2324 die
1260 2266 1310 2326 illo
1325 2283 1382 2341 quo
1397 2283 1529 2328 reuersus

393 2374 440 2429 est
454 2371 485 2428 in
499 2373 579 2429 terre
593 2387 647 2429 sue
660 2370 831 2429 Iudaeorum
845 2368 982 2442 populus,
1005 2368 1143 2440 regnauit
1165 2367 1256 2441 Cyrus
1271 2368 1424 2427 Persarum
1446 2368 1529 2429 annis

357 2471 503 2539 eozXXXI:
516 2473 675 2545 postquem
683 2469 836 2545 Cambyses
846 2469 985 2542 ennieIX,
1002 2473 1031 2528 et
1043 2468 1155 2542 impleti
1162 2470 1231 2528 sunt
1241 2469 1428 2544 XXXXpost
1441 2489 1530 2531 annos

392 2577 488 2632 entem
503 2573 552 2630 XL
568 2577 670 2646 regnet
685 2574 813 2632 Smerdis
827 2573 930 2646 Magus
945 2571 1092 2631 mensibus
1107 2575 1229 2644 septem,
1245 2573 1295 2644 qui
1310 2589 1424 2632 menses
1445 2591 1529 2633 eno·

391 2675 437 2734 bis
452 2690 509 2734 non
525 2676 736 2747 computentur.
771 2677 879 2746 quere?
904 2674 1036 2746 quoniam
1059 2672 1089 2732 in
1115 2673 1238 2747 septimo
1265 2690 1361 2734 mense
1378 2674 1446 2750 Cyri
1460 2675 1528 2735 fun-

392 2777 527 2837 damenta
541 2777 643 2850 templi
664 2779 830 2850 posuerunt,
856 2780 886 2836 et
901 2776 1001 2835 exinde
1014 2792 1104 2850 usque
1117 2777 1153 2834 ed
1166 2794 1272 2836 ennom
1283 2779 1438 2836 seeundum
1448 2778 1529 2838 Desii

390 2895 463 2952 opus
478 2877 509 2936 iu
524 2895 556 2936 eo
573 2893 631 2936 non
642 2878 834 2937 oouieoerunt.
846 2881 914 2937 tuno
929 2879 1104 2950 prophetent
1116 2879 1253 2950 Aggasus
1264 2881 1294 2935 et
1304 2878 1468 2950 Zeoheries,
1480 2896 1531 2952 por

360 2999 387 3040 ee
397 2996 468 3055 quos
480 2980 649 3040 exhortatus
660 2982 706 3039 est
716 2997 765 3040 eos
778 2979 925 3052 Dominus,
937 2982 966 3040 et
978 2979 1127 3039 unanimes
1138 2983 1321 3040 secesserunt
1332 2982 1363 3039 et
1373 2981 1404 3039 in
1412 2982 1529 3054 quadri-

467 3147 500 3199 11
519 3145 621 3198 Mettio.
639 3145 682 3209 24,
700 3144 743 3198 22.

462 3317 478 3370 1
497 3315 568 3385 quod
591 3315 630 3370 W
761 3315 963 3384 exposuimuso
1092 3314 1168 3369 LXII
1192 3316 1231 3380 W,
1249 3315 1352 3369 LXXII
1370 3317 1394 3380 b,
1412 3315 1485 3370 Lxx
1505 3319 1533 3370 et

392 3417 480 3456 unae
584 3400 754 3467 iperibito
857 3402 1022 3454 4etom.o
1126 3401 1258 3454 inenuo
1370 3403 1499 3454 stesso

392 3488 460 3541 §ex
477 3485 637 3540 terminisb
746 3485 777 3539 iu
794 3484 861 3553 quid
878 3485 908 3539 in
925 3484 1082 3539 eutsolismo
1101 3485 1235 3539 diluuiib
1347 3485 1451 3539 edixit
1468 3501 1500 3540 eu

392 3571 457 3624 ‘iim
475 3587 560 3625 ormo
659 3569 694 3624 ob
710 3570 876 3626 seditionee
969 3571 1169 3640 pugnationeb
1266 3570 1350 3624 eaeo.
1370 3571 1399 3624 in
1417 3587 1501 3624 om.o

393 3655 464 3725 qnod
481 3659 573 3711 eutem
592 3657 620 3710 et
637 3655 666 3709 in
685 3656 769 3710 hoob
848 3656 933 3711 thoe
950 3671 1034 3711 om.o
1111 3655 1145 3709 10
1162 3656 1272 3726 ipeeee
1349 3657 1382 3710 11
1400 3654 1500 3710 deust

394 3743 427 3796 13
444 3742 533 3812 igitur
551 3741 576 3807 b,
594 3757 659 3810 orgo
676 3758 708 3796 co
809 3741 843 3796 14
860 3759 942 3812 supro
958 3742 983 3806 b,
1002 3741 1127 3810 superius
1145 3758 1177 3796 co
1276 3744 1336 3810 post
1355 3755 1439 3794 ennom
1458 3739 1534 3794 XXX

393 3830 422 3880 et
439 3826 478 3880 VI
496 3827 520 3891 t,
538 3827 618 3880 annis
635 3825 757 3880 XLVIc
931 3827 964 3880 16
981 3827 1082 3880 dieitur
1100 3842 1118 3880 e
1135 3826 1193 3879 elie
1210 3826 1234 3891 b,
1258 3824 1364 3880 dicetur
1388 3825 1502 3893 alpheo

393 3912 469 3967 ‹lelte
486 3929 610 3980 τεσσαρα
627 3929 651 3978 e,
670 3911 746 3967 delto
763 3914 911 3968 tesseresb
1031 3911 1115 3967 tertie
1136 3927 1186 3966 oon
1206 3927 1238 3966 on
1354 3910 1501 3965 eliemieb

394 3999 427 4052 17
444 4002 473 4052 et
491 4015 541 4052 ooo
560 4015 592 4054 en
701 4001 799 4067 quarte
816 3999 854 4052 mi
873 4001 974 4053 tessere
992 3998 1105 4052 contet
1219 3997 1258 4050 sio
1275 3997 1308 4051 fit
1324 3997 1435 4064 scripsi,
1453 3996 1492 4050 sio
1510 3997 1534 4061 b,

392 4084 426 4136 nt
443 4099 475 4139 oo
551 4084 586 4138 18
602 4083 873 4152 comprehenditurt
948 4100 964 4137 o
981 4083 1034 4153 die]
1054 4083 1193 4137 odieetot
1267 4082 1304 4135 20
1320 4080 1503 4136 meebessesc

393 4169 427 4223 21
446 4168 592 4224 rmeridius
609 4169 634 4234 b,
653 4169 837 4239 hyemerinso
950 4169 1064 4238 septem]
1083 4167 1156 4223 Vlo
1264 4167 1300 4221 22
1317 4181 1400 4235 quere
1418 4183 1502 4222 orme

393 4254 429 4308 23
446 4257 606 4324 posuerett
709 4256 747 4323 et]
765 4271 859 4309 eume
962 4254 997 4308 24
1014 4254 1043 4308 in
1061 4253 1147 4307 orn.t
1252 4251 1386 4306 secerutb
