4012 5066
763 409 807 464 De
824 408 1075 479 rebaptismate
1097 425 1120 464 c.
1139 409 1250 464 13-15.
1383 459 1389 472 .
1535 411 1580 480 87

435 567 506 642 seri,
520 584 612 644 esque
625 568 722 628 buren
735 583 826 628 enum
845 563 992 642 beptisme
1005 564 1110 626 selutis
1125 567 1155 627 et
1169 565 1287 628 honoris
1302 565 1412 641 periter
1426 568 1457 628 et
1471 583 1580 644 eeqne·

435 671 505 733 liter
519 671 664 746 eomeqni.
686 669 855 745 quodenim
870 670 979 730 dietum
993 671 1040 729 est
1062 686 1080 728 e
1101 669 1239 730 Domino:
1262 669 1376 731 bebeo
1397 671 1501 732 eliud
1521 671 1580 731 be·

436 773 576 848 ptisme
597 771 802 851 bsptieeri,
825 773 881 832 boo
900 769 1007 833 inloto
1021 789 1080 854 non
1100 773 1135 830 nt
1156 773 1312 832 seeundum
1331 773 1476 848 beptisme
1497 789 1531 834 ee
1553 774 1581 834 si

437 876 499 936 sint
509 877 566 936 duo
577 875 753 950 beptismete
764 873 922 948 signifieat,
937 875 989 934 sed
1000 873 1121 935 ulterius
1135 891 1247 950 quoque
1261 875 1369 950 speciei
1383 877 1528 950 bsptisme
1542 877 1580 938 ed

415 977 555 1040 seendem
582 977 706 1038 selutem
730 992 903 1038 eonomrens
928 976 1065 1036 donetum
1090 975 1173 1036 nobis
1198 993 1264 1037 esse
1290 978 1477 1039 demonstret.
1507 995 1580 1052 ques

436 1082 573 1154 utresque
588 1079 700 1154 speeies
714 1079 752 1137 sb
767 1077 830 1152 ipso
845 1076 966 1138 Domino
981 1079 1082 1138 nostro
1097 1077 1222 1152 primum
1236 1078 1349 1139 initieri
1363 1082 1395 1139 et
1405 1079 1580 1141 senetiiieeri

437 1181 596 1256 oportebat,
617 1184 651 1241 ut
670 1180 754 1242 nobie
775 1195 888 1255 qnoque
909 1179 1052 1240 elterutre
1066 1179 1131 1239 sine
1152 1181 1273 1254 utreque
1292 1181 1404 1256 speeies
1418 1198 1507 1242 unum
1520 1197 1580 1242 non

437 1283 543 1358 duplex
568 1281 752 1343 selutiiernnn
777 1283 866 1356 etque
885 1279 1073 1342 honorificum
1098 1281 1244 1355 beptisms
1265 1285 1438 1357 praestaret,
1464 1285 1495 1343 et
1514 1281 1579 1344 ories

436 1385 576 1458 quaedem
590 1383 677 1444 nnius
691 1382 877 1458 beptismetis
893 1383 937 1443 sio
950 1382 1035 1443 nobis
1055 1383 1225 1457 peteterent
1239 1385 1272 1442 ut
1292 1382 1447 1458 eliquendo
1462 1385 1579 1459 impune

401 1504 429 1546 ru
436 1485 533 1561 ulique
546 1485 662 1546 illerum
676 1485 799 1557 deesset,
815 1484 893 1545 ment
906 1482 937 1543 in
948 1483 1069 1545 uerbum
1080 1484 1265 1544 audientibus
1274 1485 1450 1560 mertyribus
1462 1485 1578 1560 impune

435 1607 527 1666 eques
551 1588 695 1663 beptisme
720 1587 812 1660 deest,
839 1603 911 1662 qnos
938 1590 1034 1648 umen
1058 1585 1130 1649 uerti
1151 1604 1261 1660 sumus,
1287 1586 1314 1647 si
1336 1588 1407 1662 quid
1421 1588 1578 1650 inrementi

437 1691 572 1762 bsbeent,
594 1689 683 1750 etiem
696 1705 773 1762 eune
788 1688 891 1751 solitos
913 1687 1066 1762 beptieeri,
1089 1687 1216 1762 itemque
1230 1687 1290 1750 illis
1305 1688 1357 1763 qni
1371 1689 1495 1764 legitimi
1509 1693 1580 1750 sunt

435 1789 536 1852 fideles
550 1789 645 1852 effoeti
659 1789 777 1864 impune
791 1791 873 1851 deest
887 1791 1034 1865 bsptisme
1048 1789 1198 1866 sanguinis
1213 1789 1332 1865 proprii,
1355 1790 1425 1866 quie
1439 1790 1579 1866 bsptieeti

436 1891 594 1954 innomine
610 1891 719 1966 Christi
738 1891 881 1967 redempti
903 1895 973 1952 ennt
987 1891 1196 1966 pretiosissimo
1211 1893 1352 1968 sunguine
1367 1891 1491 1966 Domini,
1513 1910 1579 1954 eum

401 2011 428 2052 ss
437 1995 560 2069 ntrmue
573 1994 645 2054 beee
660 2009 696 2054 er
709 2010 766 2055 uno
781 1996 869 2068 etque
885 1993 984 2054 eodem
998 1991 1077 2053 tonte
1091 1995 1249 2068 preessent
1262 1993 1382 2054 flumine
1392 1993 1578 2069 bsptismetis

437 2095 582 2168 dominici,
607 2096 642 2155 nt
668 2095 761 2155 omnis
782 2094 833 2170 qui
858 2093 924 2154 sitit
946 2093 1046 2155 ueniet
1068 2095 1099 2154 et
1120 2093 1213 2168 bibet,
1239 2096 1317 2156 sieut
1330 2095 1476 2168 seripture
1489 2094 1577 2156 didit:

437 2196 595 2257 flumine
622 2197 663 2259 de
694 2198 828 2258 uentre
860 2196 942 2256 eius
976 2196 1176 2258 ourrebent
1205 2212 1319 2272 eques
1351 2198 1469 2260 uiuse.
1502 2217 1577 2274 ques

435 2299 555 2360 flumine
568 2299 694 2374 primum
708 2299 906 2374 epperuernnt
918 2297 949 2358 iu
964 2295 1080 2359 Domini
1094 2297 1242 2372 pessione,
1257 2298 1340 2359 onius
1355 2301 1391 2361 de
1405 2301 1495 2362 letere
1509 2318 1578 2378 per·

434 2400 528 2462 tereto
553 2402 654 2463 mneos
679 2400 801 2461 militeri
826 2399 947 2474 mugnis
973 2401 1004 2459 et
1028 2416 1104 2474 eque
1128 2400 1268 2474 mensuit,
1294 2403 1328 2461 ut
1352 2403 1499 2464 emitteret
1521 2406 1578 2468 duo

398 2502 554 2564 indumine
567 2503 699 2564 diuersee
713 2503 829 2580 speeiei,
845 2503 896 2564 sod
911 2506 1008 2563 terum
1022 2501 1149 2580 eiusdem
1164 2519 1199 2564 se
1212 2502 1360 2578 singulere
1376 2504 1464 2580 letus,
1485 2507 1529 2568 ite
1544 2511 1577 2569 ut

433 2604 589 2680 impleetnr
613 2605 720 2680 spiritu
744 2607 845 2666 seneto
868 2605 1040 2679 quioumque
1063 2606 1181 2665 oredem
1204 2605 1310 2666 biberit
1332 2625 1367 2668 er
1382 2611 1505 2684 utroque
1520 2609 1575 2672 ssu-

433 2706 520 2769 rnine.
543 2708 615 2768 beeo
640 2705 718 2768 enim
747 2706 783 2768 de
812 2705 979 2767 fluminibus
1009 2705 1057 2766 his
1087 2704 1208 2781 loquens
1237 2709 1407 2770 ostendebat
1436 2710 1576 2774 Dominus

433 2808 601 2884 significuus
615 2808 750 2882 spiritum
764 2809 897 2868 senetum
910 2824 996 2882 quem
1011 2809 1157 2881 euoepturi
1172 2812 1269 2871 essent
1279 2811 1330 2884 qui
1341 2812 1481 2874 credituri
1492 2819 1576 2876 erent

435 2909 466 2970 in
487 2909 581 2969 illum.
611 2910 768 2970 nondum
794 2909 916 2968 eutem
943 2909 1025 2968 eret
1046 2908 1219 2982 spiritns,
1250 2912 1337 2986 quie
1358 2912 1467 2975 Iesse
1489 2931 1574 2977 non·

396 3012 515 3072 sedum
544 3013 624 3071 eret
651 3008 901 3071 eleriiieetus.
934 3009 1026 3084 igitur
1051 3008 1151 3071 diosus
1177 3011 1415 3086 quemedmodum
1441 3017 1576 3090 genereri

431 3115 528 3187 poseo
552 3111 697 3188 bsptisme
716 3111 793 3187 quod
814 3112 964 3186 spostolus
984 3129 1073 3172 unum
1094 3128 1157 3172 esse
1179 3113 1336 3187 preedicet,
1362 3116 1463 3192 ntique
1479 3118 1573 3178 meni·

432 3214 540 3276 festum
554 3215 601 3273 est
610 3213 663 3274 ille
674 3211 795 3286 retione,
810 3211 880 3287 quie
894 3211 1027 3274 diuersus
1041 3216 1111 3274 sunt
1125 3214 1236 3288 speeies
1250 3214 1335 3276 unius
1347 3219 1435 3291 etque
1447 3218 1575 3282 eiusdem

431 3316 616 3391 beptismetis
637 3333 672 3376 ex
695 3331 751 3375 uno
765 3312 886 3376 uulnere
905 3314 1075 3390 profluentis
1090 3315 1123 3375 in
1136 3331 1240 3390 equum
1255 3319 1286 3376 ot
1301 3318 1484 3400 unguinum,
1508 3337 1574 3384 eum

430 3417 493 3478 illie
508 3419 564 3478 duo
578 3417 639 3476 sint
651 3418 688 3477 de
709 3417 816 3492 quibus
837 3415 929 3476 loouti
950 3433 1050 3477 snmus
1065 3417 1242 3491 beptismete
1255 3434 1355 3494 eques,
1378 3421 1472 3482 idest
1488 3423 1575 3485 unius
1604 3414 1609 3423 '

392 3535 423 3578 so
431 3523 518 3594 etque
532 3519 660 3580 eiusdem
673 3519 795 3594 speeies,
811 3536 877 3581 oum
891 3536 982 3580 unum
996 3536 1058 3581 esse
1073 3519 1177 3580 debeet
1192 3519 1337 3595 beptisme
1348 3521 1574 3600 uniuscuiusque

432 3623 552 3697 speeies,
567 3621 643 3684 sieut
656 3620 772 3695 plenius
788 3638 888 3682 snmus
902 3620 1003 3682 leonti.

473 3723 514 3784 Di
535 3723 668 3798 quonism
695 3722 826 3790 uidemur
851 3739 936 3784 omne
957 3723 1102 3797 beptieme
1117 3723 1248 3798 spiritsle
1263 3723 1407 3787 triferium
1422 3727 1626 3804 diuisisse,15

431 3826 580 3888 nenbmus
601 3826 691 3886 etiem
709 3828 748 3886 ed
766 3826 966 3900 probetionem
985 3825 1162 3886 nerretionis
1176 3827 1352 3901 prepositee,
1373 3845 1410 3889 ne
1425 3828 1575 3892 nidsemur

430 3929 545 4004 proprio
570 3945 657 3991 sensu
677 3931 709 3990 et
734 3931 841 3989 temere
868 3927 923 3990 boe
949 3927 1063 3989 teones.
1085 3927 1129 3988 eit
1154 3929 1230 3990 enim
1254 3930 1377 3992 Ioennes
1401 3931 1436 3993 de
1452 3932 1573 3995 Domino

393 4035 530 4092 esnoetro
545 4031 576 4091 in
590 4032 714 4106 epistole
728 4048 781 4092 sne
797 4048 851 4092 nos
866 4030 987 4092 doeens:
1012 4029 1072 4091 bie
1092 4032 1149 4092 est
1171 4033 1234 4107 qui
1249 4033 1357 4094 uenit
1370 4050 1433 4109 per
1446 4051 1574 4111 equem

499 4161 591 4217 1710.
609 4163 635 4228 ⁷,
652 4161 695 4217 38.
799 4160 891 4216 2410.
910 4160 936 4225 ⁷,
954 4160 997 4216 39.
1100 4161 1136 4218 85
1152 4162 1167 4218 1
1185 4162 1224 4217 10.
1242 4163 1267 4229 b,
1285 4164 1311 4222 6.
1329 4166 1356 4221 8.

498 4307 707 4378 trimme.
794 4304 1198 4378 dinitierilministrsrilts'o.
1289 4309 1574 4382 inonseripmboo

429 4392 488 4450 eod.
507 4398 568 4449 oto
636 4393 670 4448 21
689 4394 784 4448 ebone
799 4390 867 4457 tort.
