4016 5054
452 416 516 478 212
926 405 1112 477 Appendix.

450 566 607 628 olesiastioi
619 567 691 627 iuris
703 567 863 642 inpediunt
875 565 922 625 ius
932 566 1070 636 traotet†
1083 562 1199 622 uiuendi
1211 566 1242 623 et
1252 581 1309 624 nou
1319 563 1423 623 edendi
1434 562 1585 623 arbitrium

450 669 676 744 uuiusoniusqua
693 669 875 730 oondrmaus.
891 668 927 729 de
942 666 1086 727 similibus
1100 665 1188 726 iussit
1201 665 1345 726 neminem
1360 662 1489 736 iudicari,
1511 679 1585 737 quae

449 769 593 830 uoluntati
619 770 803 846 singulorum
817 771 973 830 auotoritas
1000 767 1098 828 diuina
1121 767 1280 828 oonoedens
1305 767 1335 826 in
1356 768 1479 841 utraque
1500 767 1584 838 parte

449 869 573 931 iaoiendi
588 875 618 931 et
631 889 690 932 uon
710 871 834 932 iaoieudi
849 871 1006 932 elementer
1020 867 1152 928 indulsit.
1175 867 1243 928 illos
1264 871 1362 928 autem
1384 865 1586 928 eoolesinstiois

449 971 642 1033 tribunalibus
669 973 801 1034 subdidit
826 989 897 1048 quos
922 975 1148 1046 transgressores
1170 969 1331 1030 ordinariae
1345 967 1611 1043 transgressionisa

449 1073 692 1150 nnllainpuuitas
714 1075 871 1148 excusauit,
885 1073 984 1149 atqui
998 1072 1105 1148 pmim
1124 1060 1175 1131 ‘tu
1197 1071 1258 1147 qui
1280 1087 1334 1143 es,
1355 1073 1397 1131 ut
1418 1071 1459 1130 do
1479 1085 1587 1130 seruo

448 1176 574 1237 alieno
603 1161 760 1237 iudices'
788 1178 940 1236 aduersum
970 1191 1021 1234 uos
1055 1173 1146 1233 ueluti
1174 1173 1305 1233 libellum
1333 1171 1586 1234 eontradictorium

448 1277 604 1351 proferant,
626 1278 768 1339 rationale
784 1277 871 1338 simul
894 1279 923 1337 et
936 1278 1048 1338 eertum
1064 1279 1267 1350 reoognosoaut
1282 1275 1357 1349 qnod
1372 1274 1531 1348 aooapimus
1547 1273 1584 1333 ab

450 1378 549 1438 eodem
562 1376 653 1440 Paulo
675 1378 804 1453 aposon
826 1377 1027 1452 repulsorium.
1059 1375 1331 1451 praecipimus,
1362 1375 1466 1451 inquit,
1480 1374 1586 1434 uobis

449 1481 587 1541 iratres
610 1480 646 1539 in
675 1481 818 1542 nomine
840 1479 985 1541 Domini
1013 1478 1134 1540 nostri
1156 1479 1242 1540 lesu
1264 1478 1430 1551 christi,
1463 1480 1504 1537 ιιι
1526 1494 1625 1539 se-ro

451 1581 594 1654 paretis
626 1598 691 1642 uos
720 1599 738 1640 a
771 1582 959 1641 iratribus
990 1579 1268 1641 ambulantibus
1300 1579 1514 1640 inordinate
1553 1583 1590 1640 et

449 1700 518 1744 uon
540 1683 738 1743 seeundum
760 1681 1007 1743 traditionem
1028 1698 1131 1756 quam
1153 1679 1396 1754 aooepistisa
1418 1681 1534 1742 nobis.

401 1779 449 1836 37
500 1785 653 1844 numium
669 1787 702 1844 nt
717 1785 817 1859 opinor
837 1787 920 1844 tanta
935 1783 1074 1858 ligamina
1094 1783 1304 1857 quaestionum,
1328 1782 1432 1855 quibus
1446 1785 1589 1842 matures

450 1887 595 1946 ennuohos
610 1885 769 1960 amplexus
784 1884 900 1946 feminei
914 1885 1092 1960 liganerunt,
1117 1885 1167 1958 qni
1182 1884 1328 1959 peruersis
1343 1883 1590 1956 interpretationi·

451 1987 506 2048 bus
521 1988 637 2048 decreta
650 1988 760 2062 legalia
773 1989 920 2048 demutare
942 1990 1083 2062 eoguntur
1096 1991 1127 2047 et
1151 1988 1263 2047 malunt
1284 1986 1378 2046 audiri
1398 1988 1589 2061 proponentes
1599 2003 1625 2044 ra

453 2106 528 2148 uana
542 2092 572 2147 et
586 2089 720 2149 fabulosa
736 2092 903 2160 oommenta,
918 2106 1004 2164 quam
1020 2089 1113 2162 magis
1128 2089 1184 2162 ipsi
1199 2105 1272 2162 qnae
1287 2105 1356 2148 nora
1370 2092 1438 2148 sunt
1452 2087 1588 2147 audiant:

451 2207 523 2264 qnos
534 2189 643 2250 Paulus
655 2191 803 2264 apostolus
815 2191 968 2251 adnuntiat
983 2190 1095 2251 dicans:
1112 2208 1129 2249 a
1144 2189 1308 2250 ueritate
1323 2189 1470 2264 quidem
1485 2205 1590 2248 auer-

451 2295 533 2350 tant
546 2291 720 2366 auditum,
736 2293 779 2352 ad
794 2290 943 2352 tabulas
958 2292 1230 2352 oonuertentur.
1243 2290 1591 2365 quioquiduoluntadhuo

452 2392 614 2467 exquirant,
628 2394 662 2452 ut
678 2393 822 2453 obsistant
846 2410 898 2467 pro
913 2393 1082 2452 mulieribus
1092 2392 1219 2452 uentati.
1243 2392 1395 2452 uictoriam
1408 2409 1466 2452 nou
1480 2392 1588 2452 habent

452 2495 528 2567 apud
544 2511 615 2568 quoe
632 2496 733 2554 eontra
748 2495 870 2554 Esdram
884 2494 987 2554 mulier
1002 2495 1196 2572 potiusquam
1211 2495 1321 2555 ueritas
1334 2494 1414 2552 uioit.
1430 2511 1481 2554 noe
1491 2494 1587 2552 autern
1597 2513 1624 2552 ao

453 2593 506 2654 filii
522 2595 664 2656 oarissimi
679 2612 738 2655 uon
755 2597 868 2656 tantum
884 2596 1069 2671 persuasione
1092 2595 1144 2655 sed
1165 2596 1252 2654 etiam
1273 2597 1417 2669 potestate
1437 2593 1587 2655 eonueuio.

453 2698 512 2756 tale
528 2697 749 2758 deliramentum
765 2697 915 2771 despicite,
942 2715 1062 2772 qnorum
1083 2698 1266 2773 quaestiones
1280 2697 1403 2757 Paulum
1425 2695 1587 2770 apostolum

454 2798 535 2858 soitis
551 2799 656 2873 ubique
671 2799 833 2872 damnasse,
850 2800 925 2859 siout
936 2800 973 2859 ad
987 2800 1130 2858 Romanos
1144 2799 1262 2874 soripsit
1276 2799 1389 2858 dioeus:
1412 2814 1499 2871 rogo
1515 2814 1588 2871 noe,

454 2901 605 2974 iratres,
628 2899 846 2975 diligenter
871 2900 1072 2961 obseruare
1095 2917 1157 2960 eos
1185 2901 1247 2976 qui
1269 2898 1590 2958 dissensioneset

452 3002 691 3063 offendicula
727 3004 880 3076 praeter
911 3003 1121 3062 doctrinam
1158 3018 1264 3076 quam
1297 3019 1361 3061 nos
1393 2999 1625 3064 didicistisre

452 3108 516 3165 aut
548 3102 678 3163 dieunt
710 3107 774 3164 aut
807 3103 972 3176 faciunt,
1007 3106 1043 3164 et
1064 3102 1258 3163 declinate
1281 3103 1325 3162 ab
1348 3101 1453 3176 ipsis.
1486 3101 1529 3160 sio
1559 3104 1589 3160 et

453 3205 601 3266 Timotheo
621 3205 756 3280 delegat:
787 3205 884 3278 noli,
914 3205 1024 3280 iuquit,
1055 3205 1184 3266 uerbis
1214 3205 1460 3264 contendere:
1489 3201 1589 3261 nibil

370 3444 373 3450 .
520 3398 538 3450 9
556 3397 585 3450 11
602 3398 695 3454 Thess
714 3399 739 3463 3,
759 3398 785 3452 6.
950 3399 982 3452 17
1001 3397 1098 3455 ITirn.
1116 3399 1143 3464 4,
1160 3398 1186 3453 4.
1341 3401 1377 3454 23
1394 3399 1471 3454 Rom.
1490 3400 1531 3462 16,
1546 3399 1587 3452 17.

453 3482 535 3537 2711
554 3481 624 3538 nim.
643 3484 730 3548 214.

523 3671 538 3722 1
557 3670 600 3722 ius
618 3669 642 3725 0
657 3685 690 3723 us
706 3671 739 3723 ia
755 3684 810 3723 ras.
961 3671 1069 3725 uiuendi
1088 3687 1123 3726 ex
1140 3671 1264 3725 oeniandi
1282 3671 1311 3735 0,
1331 3671 1425 3726 edendi
1442 3672 1513 3726 coni.
1533 3671 1589 3725 Pa

453 3756 550 3810 melius
665 3757 834 3810 tueminem
851 3755 932 3810 iussit
949 3771 965 3810 o
1079 3757 1307 3812 deooleeiastioos
1330 3757 1354 3813 0
1455 3755 1537 3824 eqni
1559 3756 1590 3821 0,

453 3843 549 3910 quien
647 3845 679 3895 ut
699 3843 728 3908 G,
749 3843 831 3910 quio
916 3841 1109 3900 induersneo
1194 3843 1212 3897 8
1229 3843 1393 3899 rationabile
1410 3861 1427 3900 a
1519 3843 1588 3898 aoei-

453 3926 544 3996 pimus
561 3941 578 3980 a
723 3927 756 3979 13
774 3929 806 3980 ut
823 3942 874 3980 ora.
892 3942 910 3981 o
1051 3929 1085 3982 15
1103 3926 1221 3982 narare
1242 3929 1330 3984 (leod
1347 3928 1394 3983 deo
1411 3944 1432 3983 a.
1449 3928 1467 3982 l
1484 3945 1520 3982 m.
1538 3932 1557 3982 2

454 4012 587 4079 eoguntur
604 4011 627 4066 0
644 4026 681 4064 un
698 4012 731 4065 in
748 4025 805 4065 roe.
880 4009 972 4066 audire
993 4011 1027 4068 0¹
1107 4013 1140 4066 16
1157 4013 1246 4081 magis
1263 4029 1351 4069 ormo
1429 4012 1500 4080 qnod
1521 4012 1556 4068 0¹

454 4096 489 4151 18
506 4095 630 4150 auditum
648 4099 808 4153 auertento
935 4096 1043 4152 fabulas
1060 4100 1186 4152 nummo
1313 4100 1502 4153 nonnertentur
1525 4097 1591 4152 Ota

454 4181 485 4234 in
501 4195 557 4234 rae.
662 4181 699 4234 20
715 4179 840 4236 hesdram
858 4181 881 4237 0
989 4183 1091 4253 summ]
1109 4185 1200 4238 numm
1216 4183 1310 4253 itaque
1331 4184 1356 4239 0
1455 4184 1490 4238 21
1508 4184 1589 4237 etiam

453 4280 505 4321 om.
524 4281 541 4320 v
644 4265 679 4319 22
696 4265 767 4321 tales
785 4265 808 4321 0
