4000 5066
675 417 721 472 De
737 415 871 488 duplici
888 417 1056 490 mestyrio
1074 433 1097 472 ο
1115 417 1227 474 35-38.
1451 421 1517 488 245

424 571 542 634 Eihuiui
556 575 661 649 putant
674 573 774 649 plures
788 590 851 636 esee
866 575 944 648 dees,
967 576 998 637 ei
1013 575 1067 636 hee
1081 574 1136 636 tibi
1151 575 1258 638 uideris
1273 577 1416 652 perfectus
1430 576 1513 638 chri·
1525 578 1566 638 37

381 675 508 751 suenus,
523 678 599 752 qued
613 695 780 752 persuasum
794 678 885 738 hebes
900 695 991 738 uuum
1009 694 1074 740 esee
1088 678 1202 740 Deum?
1227 681 1296 756 quid
1310 681 1407 756 magui
1422 678 1515 742 faeie?

381 778 459 839 idem
474 779 595 839 medune
610 779 710 840 Iudeei
724 778 774 855 qui
788 779 915 856 quotidie
931 779 1133 854 blasphemant
1143 780 1175 840 in
1186 781 1342 858 syuegegis
1353 783 1430 844 suis:
1442 785 1516 844 idem

381 883 504 945 creduut
515 883 667 943 deemeuee
675 885 705 942 ei
714 881 943 948 ueniremieeuni.
952 882 978 942 si
987 899 1056 943 uere
1063 883 1156 943 eredis
1166 885 1196 944 iu
1206 883 1307 959 Deum,
1319 886 1401 946 erede
1411 885 1517 946 iustum

360 986 564 1046 eet-uersuum:
577 984 685 1045 iustum
695 983 724 1043 in
731 985 943 1046 remunerandis
955 984 1012 1060 piis
1022 985 1051 1045 et
1061 985 1213 1060 puniendis
1224 986 1330 1062 impiis,
1345 1004 1474 1049 uereeem
1486 988 1516 1048 iu

382 1088 543 1163 promissis.
556 1088 855 1160 eredeneuessespem
861 1086 975 1158 salutis,
991 1087 1048 1148 nisi
1059 1085 1207 1162 perfiliuuu
1217 1088 1516 1165 eiusquempreuebis

382 1190 516 1251 omnibus
530 1188 653 1249 eredidit
667 1188 699 1248 iu
713 1189 848 1248 moriem:
864 1189 947 1249 erede
958 1187 1033 1248 nihil
1048 1188 1177 1251 eeeidere
1192 1191 1261 1250 meli
1272 1207 1357 1265 pesse
1369 1191 1406 1250 iis
1420 1193 1471 1267 qui
1485 1210 1516 1253 ee

382 1294 461 1353 teies
475 1290 557 1350 illius
568 1289 712 1350 uoluntati
728 1290 907 1350 erediderunt
921 1294 950 1350 et
965 1290 1059 1350 inille
1072 1295 1266 1365 peruenerant.
1282 1292 1337 1354 hoe
1348 1297 1394 1353 est
1404 1294 1517 1354 eredere

383 1393 415 1453 iu
430 1393 522 1454 Deum
536 1394 659 1466 petrem,
686 1392 741 1452 hue
765 1395 812 1452 eet
837 1392 951 1454 eredere
977 1393 1008 1451 iu
1029 1393 1122 1453 filium
1137 1393 1209 1468 eius,
1231 1395 1286 1454 hee
1300 1397 1344 1456 eei
1359 1396 1473 1456 eredere
1487 1395 1518 1454 iu

345 1511 373 1552 ue
383 1497 524 1573 Spiritum
539 1498 680 1568 seudum,
696 1513 784 1554 uuum
798 1494 889 1555 Deum
903 1499 934 1554 ei
944 1495 1095 1556 eueleeiem
1106 1497 1235 1557 usuum
1245 1496 1398 1572 mysticum
1409 1497 1516 1558 christi

383 1615 498 1674 corpus,
515 1599 598 1658 exire
611 1615 697 1673 quem
711 1613 769 1656 uon
784 1601 830 1657 eei
844 1596 924 1658 sulus
939 1599 969 1658 et
990 1597 1023 1657 iu
1037 1615 1095 1672 que
1108 1615 1166 1658 neu
1181 1601 1228 1659 est
1241 1599 1392 1673 pernicies.

427 1701 565 1774 Quisquis
580 1700 611 1758 in
626 1698 681 1758 teli
694 1701 778 1772 petre
790 1699 878 1772 pedes
889 1699 978 1758 enimi
993 1697 1097 1772 fixerit,
1114 1700 1252 1760 aduersus
1267 1717 1364 1760 omues
1379 1702 1516 1761 teuieiie·
1527 1699 1568 1760 38

383 1820 453 1863 uum
468 1802 601 1862 ineursus
616 1799 708 1860 stabit
721 1801 886 1861 immobilis.
901 1799 1025 1876 exempli
1040 1801 1150 1875 gretie:
1167 1801 1319 1862 lacessitus
1334 1819 1365 1863 es
1379 1803 1517 1876 eunuieie,

384 1905 517 1980 suggerit
531 1903 587 1964 eibi
613 1919 678 1964 eure
701 1903 845 1963 uindieiee
872 1903 1069 1977 cupiditatem.
1085 1903 1253 1978 priusquam
1268 1905 1448 1979 respondeus,
1477 1906 1518 1965 eic

347 2006 483 2080 seuegiiu
497 2010 608 2066 iseum:
630 2007 709 2065 hune
730 2005 900 2066 meledieum
915 2005 1060 2065 homiuem
1074 2003 1244 2065 euuomeuie
1267 2005 1399 2066 diabolus
1420 2009 1453 2065 ui
1473 2021 1519 2065 me

384 2108 502 2167 deiiuiut
517 2124 552 2168 ee
566 2107 708 2167 deiectum
723 2108 835 2180 pereae,
851 2105 902 2166 sed
916 2105 1050 2167 ausculta
1064 2105 1133 2180 quid
1149 2107 1268 2166 eueueei
1283 2106 1437 2181 imperetur
1450 2110 1519 2166 tuus

384 2209 431 2270 cui
447 2207 575 2270 milites:
590 2209 709 2283 beeii,
725 2208 829 2284 iuquit,
845 2208 966 2282 mites,
981 2208 1153 2283 quonism
1176 2209 1251 2283 ipsi
1273 2209 1520 2284 possidebunt

384 2315 534 2384 terrem,
568 2313 613 2370 et:
642 2327 719 2370 mee
740 2313 798 2369 esi
830 2311 1017 2383 uindieie,
1053 2314 1089 2370 et
1116 2326 1182 2383 ege
1204 2310 1417 2372 retribuum.
1451 2311 1519 2386 quid

385 2413 508 2474 suedeei
530 2413 706 2474 senissimus
731 2411 782 2472 ille
805 2410 914 2472 Christi
939 2415 996 2472 dux
1022 2411 1148 2473 Paulus:
1179 2429 1248 2473 neu
1269 2412 1520 2488 nosmetipsos

347 2516 647 2588 eeuiudieenies,
681 2515 887 2586 carissimi,
921 2515 984 2573 sed
1015 2515 1100 2574 dete
1129 2515 1246 2574 leeum
1267 2515 1354 2574 iree.
1388 2514 1530 2576 diabolus·

386 2618 476 2678 dicii:
498 2605 605 2676 ‘fruere
628 2617 756 2676 uindicta
771 2619 801 2676 et
816 2617 903 2690 perde
918 2615 1007 2674 uitam
1022 2600 1190 2674 eeiernem'.
1220 2614 1298 2674 Deus
1313 2615 1399 2675 dieii:
1425 2605 1519 2676 ‘uiuee

385 2721 417 2779 iu
430 2723 504 2779 bene
518 2718 636 2790 mulum,
652 2721 682 2777 ei
692 2717 752 2777 nuli
769 2717 903 2776 resistere
918 2717 1004 2788 meio,
1020 2719 1049 2776 et
1064 2717 1162 2790 eeeipe
1177 2732 1241 2776 eum
1256 2715 1315 2777 filie
1331 2733 1392 2776 meo
1407 2733 1519 2790 posses-

386 2821 497 2882 siouem
512 2819 596 2893 regui
611 2806 762 2880 eoelestis'.
777 2835 842 2877 mox
856 2817 975 2891 dispice,
993 2816 1051 2878 uiri
1062 2817 1158 2892 petius
1170 2817 1303 2892 expediet
1317 2817 1518 2892 obtemperare.

386 2923 458 2982 dieii
474 2922 529 2982 tibi
544 2938 595 2996 per
610 2919 869 2994 eeueupiseeniiem
894 2921 974 2978 inem
1005 2919 1153 2979 diabulus:
1183 2906 1344 2980 ‘meeehere
1370 2922 1400 2979 ei
1425 2919 1519 2980 fruere

346 3038 376 3079 ee
386 3025 560 3100 temporarie
570 3024 696 3098 eorporis
707 3023 866 3097 uoluptate,
879 3025 910 3085 et
918 3025 980 3085 esie
988 3038 1070 3082 meus
1081 3039 1182 3082 seruus
1191 3024 1221 3082 et
1230 3022 1346 3082 ueheree
1355 3013 1517 3096 gehenuae?

386 3128 456 3188 sudi
470 3126 568 3202 petius
583 3126 652 3200 quid
668 3126 746 3186 diuae
760 3126 813 3186 tibi
830 3127 923 3186 Deus:
944 3116 1059 3199 ‘sperne
1081 3124 1284 3198 temporarium
1299 3109 1476 3198 uoluptueeni
1490 3129 1520 3185 ei

384 3231 482 3304 eeeipe
497 3228 664 3302 eeutupluus
678 3229 769 3288 beuee
783 3229 974 3288 eeueeieutiee
988 3227 1126 3302 gaudium
1141 3227 1172 3285 in
1188 3227 1243 3286 hee
1257 3225 1371 3287 eeeeule
1386 3229 1415 3287 et
1429 3228 1520 3286 uitem

384 3334 532 3392 aeteruum
547 3330 577 3389 in
589 3320 707 3402 futuro’,
724 3331 753 3390 ei
763 3331 890 3404 expende
905 3328 964 3389 utri
980 3327 1077 3404 potius
1092 3327 1133 3387 sit
1143 3328 1373 3388 auscultandum.
1390 3326 1520 3402 suggerii

384 3434 440 3494 eibi
455 3449 509 3508 per
523 3433 619 3492 earnis
634 3433 769 3492 effectum
784 3433 875 3492 ueluii
891 3447 942 3506 per
956 3431 1049 3490 iiuem
1063 3435 1182 3490 estense
1194 3419 1271 3490 ‘uiue
1285 3413 1460 3503 genuliter’,
1486 3447 1521 3488 ex

349 3536 508 3596 weduerse
524 3535 597 3594 dieii
612 3533 761 3593 Ohuisius:
784 3533 884 3592 beuti
900 3532 1128 3607 quilugeui,
1152 3529 1322 3604 quonium
1345 3529 1418 3604 ipsi
1440 3546 1522 3589 uen-

385 3637 611 3698 solutionem
634 3634 833 3710 eeeipient.
857 3636 1028 3696 adeundem
1053 3633 1167 3696 medum
1182 3634 1218 3694 de
1233 3633 1337 3693 ueteris
1352 3630 1521 3693 tentationi·

387 3740 444 3798 bue
474 3738 566 3799 ebiiue
592 3737 731 3799 ieuieieri
755 3737 877 3811 elipeum
892 3736 1112 3809 seripturarum,
1139 3736 1171 3794 in
1197 3735 1302 3808 quibus
1326 3733 1381 3794 tibi
1394 3734 1522 3808 loquitur

386 3840 464 3900 Deus
480 3857 538 3902 uun
553 3840 663 3900 minere
678 3839 743 3911 flue,
759 3855 842 3913 quem
859 3838 885 3898 si
900 3837 955 3898 iibi
970 3853 1067 3898 eorem
1082 3851 1131 3898 ere
1146 3837 1183 3896 ed
1198 3853 1231 3897 es
1241 3835 1416 3911 loqueretur.
1431 3854 1466 3896 ex
1475 3836 1522 3896 his

385 3942 565 4003 torrentibus
578 3958 657 4002 sume
669 3942 723 4000 tibi
734 3941 854 4016 lapides,
869 3940 974 4016 quibus
985 3939 1107 4000 deiieies
1119 3939 1274 4013 superbum
1290 3937 1415 3999 (iulieih.
1432 3939 1523 3998 hebes

350 4067 377 4108 ee
387 4044 549 4119 exemplum
564 4043 714 4104 eDomino
729 4046 788 4116 tue,
805 4043 847 4103 sie
861 4043 911 4102 ille
923 4042 1082 4116 prostrauit
1093 4040 1253 4100 diabolum:
1265 4057 1318 4100 nee
1328 4040 1446 4100 deiieius
1457 4041 1520 4098 eni-

457 4297 490 4350 1⁷
509 4295 609 4350 Mettis.
626 4296 652 4360 ὁ,
669 4296 695 4350 4.
860 4295 894 4349 18
912 4294 990 4349 Deut„
1009 4293 1052 4353 32.
1070 4292 1105 4346 35
1274 4291 1309 4346 19
1326 4291 1401 4346 Rem.
1420 4291 1461 4355 12,
1481 4292 1522 4348 19.

384 4385 422 4440 30
440 4382 539 4438 naeth.
558 4384 583 4448 5,
602 4383 627 4438 4.
