4016 5054
434 363 492 430 176
895 355 1080 428 Δρριιιιιιίι.

428 533 503 576 mam
518 518 635 591 deoipit,
661 518 710 591 qui
724 534 781 577 non
796 519 920 577 canendo
935 517 1079 578 eontraria
1093 516 1185 575 noxiis
1199 516 1285 574 rebus
1301 518 1391 575 sumet
1401 515 1462 588 ipse
1477 531 1556 574 oom-

428 619 548 678 miserit.
572 619 622 679 ille
637 623 732 679 antem
747 619 838 678 tutius
859 619 915 678 sibi
930 619 1070 688 mnsnlit,
1096 619 1147 690 qui
1169 621 1246 677 eirea
1260 617 1350 678 malos
1364 633 1476 690 semper
1489 616 1554 676 ind-

428 721 482 780 dus
498 720 609 795 species
624 738 814 795 quascumque
829 721 927 780 noxias
947 719 1119 779 extimescit.
1152 736 1273 794 quorum
1294 719 1461 778 distantiam
1474 717 1555 779 Salo·

428 841 494 882 mon
510 823 647 884 disseruit
662 825 774 884 diosus:
808 823 959 897 sapiens
981 823 1141 882 timendo
1163 821 1377 882 declinabit
1397 823 1441 882 ab
1462 820 1555 882 omni

426 927 534 985 malo:
568 926 760 1000 insipiens
781 928 899 985 autem
920 923 1117 984 ooniidens
1144 925 1200 983 sui
1221 925 1399 984 miscetur
1420 923 1576 998 iniquos

428 1045 564 1100 magnum
584 1029 742 1101 sapientiae
762 1026 875 1086 diuinas
889 1025 1039 1085 eonsilium
1053 1026 1203 1086 inuentum
1217 1029 1279 1097 est,
1302 1025 1352 1084 ubi
1372 1025 1484 1084 timoris
1504 1041 1556 1083 an·

429 1128 497 1188 xilio
512 1129 674 1190 liberemur.
696 1145 800 1204 magna
813 1128 970 1202 conpendia
984 1127 1197 1203 prouidentiae,
1219 1128 1252 1185 ut
1266 1127 1419 1201 aliquando
1433 1127 1485 1186 liat
1499 1125 1557 1186 nir·

429 1233 478 1290 tus
493 1234 523 1290 ot
537 1231 662 1292 uictoria
675 1248 727 1305 per
740 1233 881 1292 timorem.
904 1247 1009 1303 magna
1022 1230 1150 1289 remedia
1164 1230 1302 1288 Dominus
1317 1231 1438 1290 eontulit
1459 1231 1495 1288 ad
1510 1245 1557 1288 sa·

430 1332 536 1404 lntem,
563 1335 596 1392 ut
610 1333 717 1392 habeat
731 1335 761 1392 et
775 1332 894 1391 timidus
909 1332 1038 1403 landem,
1061 1331 1137 1390 siout
1166 1331 1298 1391 Salomon
1317 1331 1423 1405 repetit
1444 1331 1557 1391 disens:

428 1435 559 1494 beatus
583 1435 640 1494 uir
661 1436 723 1508 qni
744 1436 892 1493 noratur
923 1434 1042 1493 omnia
1073 1450 1135 1506 por
1166 1436 1306 1492 metum.
1341 1431 1593 1492 inaestimabilium

430 1535 544 1595 Domini
560 1535 753 1595 miserioordia
766 1552 839 1608 qnae
859 1534 983 1608 undique
999 1534 1109 1594 homini
1130 1550 1181 1594 suo
1196 1534 1319 1594 eontulit
1333 1534 1453 1607 gloriam
1468 1537 1499 1593 et
1512 1535 1559 1592 in·

430 1637 697 1710 comprehensibilis
722 1637 816 1709 pietas
836 1653 908 1709 quae
930 1637 1085 1694 soonndnm
1106 1651 1218 1708 pugnas
1240 1635 1319 1694 dudit
1333 1639 1363 1696 et
1376 1637 1504 1710 palmas,
1526 1639 1560 1695 nt

430 1736 596 1795 eonlidondo
621 1738 811 1797 masculorum
836 1737 987 1796 saeuitiam
1012 1753 1179 1810 superemus
1206 1738 1236 1796 et
1249 1737 1374 1795 timendo
1389 1737 1558 1796 laminarum

430 1837 627 1896 blandimenta
642 1839 799 1908 uinoamus,
815 1839 965 1895 dummodo
980 1840 1009 1896 st
1025 1838 1060 1896 de
1075 1837 1183 1896 uirtute
1199 1839 1229 1895 ot
1243 1839 1279 1896 do
1294 1837 1459 1896 infirmitate
1475 1854 1559 1910 super

431 1956 483 1999 nos
497 1939 605 2014 glorias
618 1939 756 1998 Dominus
771 1941 910 2013 operetur,
926 1940 959 1998 ut
973 1939 1003 1998 in
1018 1940 1148 1998 omnibns
1164 1942 1194 1998 et
1208 1957 1259 2012 por
1273 1941 1368 1998 omnia
1382 1939 1558 2014 omnipoton-
1568 1957 1592 1998 ιι

432 2043 491 2099 tem
518 2045 608 2100 semet
623 2042 685 2114 ipso
711 2042 833 2100 testetur
847 2041 979 2100 diuidens
1005 2041 1181 2100 differentias
1207 2042 1430 2114 triumphorum,
1453 2045 1560 2101 uttam

431 2140 560 2201 consiliis
576 2159 661 2214 quam
676 2143 785 2201 uiribus
799 2159 817 2201 a
831 2143 912 2202 uobis
930 2143 1005 2200 bolla
1015 2143 1168 2202 uincantur
1182 2159 1234 2201 neo
1249 2143 1275 2203 si
1284 2142 1459 2202 uinoeromus
1471 2143 1560 2204 solies

435 2243 500 2301 fidei
527 2242 696 2303 fortitudine
721 2247 820 2302 contra
845 2243 1021 2304 Salomonem
1044 2260 1133 2304 uaoua
1158 2248 1255 2303 essent
1280 2261 1366 2317 opera
1391 2245 1558 2317 sapientias.

436 2363 511 2404 nune
526 2345 617 2418 igitur
631 2345 788 2418 sapientise
804 2363 882 2404 mma
897 2347 1055 2419 gestanda,
1082 2347 1131 2406 ubi
1157 2346 1274 2405 leminei
1300 2350 1330 2406 ot
1355 2346 1455 2405 uiriles
1475 2361 1560 2406 sexus

432 2449 577 2504 certamen
594 2445 734 2506 indicunt.
751 2446 825 2504 unde
840 2447 969 2504 Salomon
984 2447 1027 2505 sio
1041 2446 1161 2505 instruit
1176 2446 1288 2505 dicens:
1311 2447 1594 2518 prudentiamne

432 2547 536 2620 inquit,
559 2552 617 2607 fao
643 2551 761 2607 notam
782 2548 869 2619 tibi,
898 2550 936 2606 ut
958 2550 993 2605 ta
1016 2549 1142 2606 seruet
1170 2565 1188 2606 a
1214 2547 1505 2606 mulierealiena
1526 2551 1560 2606 et

432 2649 604 2721 pessima.
627 2647 722 2706 uidete
737 2666 812 2706 nuno
826 2649 1008 2722 prudentiam
1023 2651 1053 2706 in
1068 2650 1125 2708 isto
1141 2649 1226 2720 bollo,
1242 2667 1298 2707 non
1313 2651 1394 2708 fldem
1410 2649 1492 2708 nobis
1508 2651 1559 2706 da-

431 2753 491 2808 tam
506 2765 570 2808 esse
585 2749 733 2808 uictrioem
748 2765 820 2822 quae
831 2767 884 2808 nos
895 2749 1061 2809 timiditatis
1074 2751 1198 2810 remedio
1213 2752 1373 2822 liberasset,
1389 2754 1418 2809 ot
1433 2753 1559 2810 oontem-

432 2850 551 2924 plamini
573 2866 647 2923 quae
661 2853 729 2908 sunt
743 2852 824 2910 modo
840 2868 919 2909 arma
932 2852 1077 2923 sumenda,
1094 2853 1120 2910 si
1136 2853 1225 2911 uultis
1240 2853 1346 2912 habere
1357 2853 1430 2926 legis
1444 2853 1559 2912 auxilia.

433 2953 524 3011 estote
538 2951 635 3010 timidi
656 2955 689 3010 ut
704 2953 769 3011 sitis
792 2953 942 3027 intrepidi:
971 2955 1001 3010 et
1014 2952 1084 3013 lieet
1097 2954 1184 3012 timor
1198 2955 1228 3011 in
1241 2953 1394 3012 certamine
1408 2953 1559 3012 infirmitas
1568 2971 1594 3012 ss

433 3067 496 3111 esse
512 3053 654 3124 uideatur,
677 3056 771 3112 tamen
786 3055 940 3112 seeundum
956 3055 1074 3112 uerbum
1100 3055 1221 3127 apostoli
1250 3055 1372 3114 uirtus
1400 3055 1436 3112 in
1457 3055 1559 3113 intir-

433 3153 565 3212 mitate
587 3153 798 3228 pertioitnr.
821 3154 993 3230 separamini
1008 3156 1162 3229 deprecor,
1177 3157 1350 3230 separamini
1364 3173 1382 3215 a
1395 3157 1561 3232 oontaglone

432 3255 580 3328 postifera.

499 3530 517 3583 4
535 3530 614 3584 Pron.
634 3531 674 3595 14,
695 3531 735 3586 16.
921 3533 954 3586 10
972 3531 1024 3584 Sir.
1042 3531 1085 3597 25,
1104 3532 1146 3585 11.
1326 3532 1362 3586 20
1378 3533 1456 3587 Ριοιι.
1474 3532 1501 3598 2,
1520 3532 1560 3587 16.

431 3615 513 3670 2611
533 3615 592 3671 Cor.
612 3617 652 3680 12,
671 3617 696 3670 9.

501 3889 518 3941 2
535 3888 623 3942 totius
644 3887 678 3944 0¹
778 3891 793 3944 'l
811 3890 960 3943 liberentur
978 3889 1012 3944 0¹
1112 3890 1144 3942 11
1163 3889 1281 3958 undique
1299 3890 1329 3957 0,
1348 3889 1526 3958 unioniqnoo

434 3989 482 4027 suo
501 3973 531 4036 0,
549 3989 625 4028 snam
644 3989 660 4027 o
814 3975 848 4030 13
865 3975 1050 4030 confitendos>
1201 3976 1234 4028 15
1251 3975 1374 4029 domiuus
1391 3975 1527 4045 glorioso

434 4061 467 4113 16
484 4061 541 4112 tam
560 4067 611 4114 oto⁴
632 4059 774 4114 (liores.
862 4060 894 4114 17
912 4060 968 4114 Neo
986 4059 1015 4125 Ο,
1034 4075 1102 4115 nee
1183 4060 1361 4116 nieorimnso
1464 4063 1498 4114 19
1515 4076 1561 4130 go-

433 4143 531 4198 standa
548 4145 658 4200 sunto
745 4145 869 4201 uiriliso
957 4146 993 4200 20
1009 4143 1132 4199 indicunt
1150 4145 1180 4212 0,
1196 4145 1362 4201 indioitnro
1458 4147 1492 4198 ‘21
1510 4145 1561 4199 ali·

434 4245 482 4283 ene
501 4229 536 4284 0¹
605 4231 640 4283 27
658 4245 675 4283 a
693 4245 777 4284 om.e
