4012 5066
767 452 814 508 De
831 451 1085 523 rebaptismate
1108 467 1130 506 c.
1148 453 1242 508 9-10.
1533 459 1573 523 81

434 611 672 673 resurrectionem
697 609 813 672 Domini
845 626 921 670 nnus
946 625 963 670 o
989 607 1140 684 discipulis
1168 609 1231 670 eius
1257 608 1378 686 Cleopss
1403 626 1468 670 oum
1499 613 1578 671 esset

434 715 561 774 mestuus
586 713 742 774 secundum
768 728 895 774 errorem
922 711 1050 772 omnium
1076 711 1334 786 condiscipulorum
1357 729 1490 784 suorum,
1520 711 1578 786 ipsi

436 815 557 877 Domino
579 818 723 890 tamquam
746 813 836 876 alicui
857 815 958 890 ignoro
979 813 1107 874 reterens
1121 815 1197 888 quod
1212 815 1383 888 contigerat,
1406 815 1450 876 sic
1463 815 1578 876 loeutus

435 921 481 977 est
502 918 600 978 diceus
621 917 656 976 de
678 917 746 977 Iesu
767 916 928 989 Nazareno,
951 914 1003 990 qui
1025 915 1082 975 luit
1103 917 1245 990 propbeta
1266 919 1369 990 potens
1390 916 1421 976 iu
1443 916 1529 978 facts
1547 917 1579 976 ot

413 1018 523 1080 idiotis
537 1019 568 1079 in
582 1021 737 1094 conspectu
751 1018 806 1079 Dei
820 1020 851 1079 et
864 1016 996 1078 uniuersi
1010 1017 1118 1093 populi,
1142 1017 1281 1092 quomodo
1303 1018 1380 1080 buno
1393 1017 1577 1080 tradiderunt

434 1122 597 1182 sacerdotes
619 1123 649 1180 et
670 1120 815 1195 principos
836 1121 930 1181 nostri
951 1120 982 1179 iu
1004 1121 1215 1181 damnationem
1238 1121 1339 1181 mortis
1361 1124 1391 1180 et
1412 1123 1489 1182 cruci
1512 1139 1577 1183 eum

433 1222 568 1282 fixerunt.
605 1238 657 1281 noe
695 1224 791 1282 ιιιιιοιιι
828 1221 1016 1295 sperabamus
1057 1221 1134 1296 qnod
1175 1221 1237 1296 ipse
1273 1223 1337 1281 erat
1376 1223 1578 1296 redempturus

433 1325 535 1386 Israel.
572 1326 654 1386 iuxta
689 1341 762 1398 quae
791 1341 890 1385 omnes
926 1340 1038 1400 quoqne
1067 1323 1201 1399 discipuli
1231 1325 1476 1386 adseuerationem
1505 1343 1578 1400 quo·

434 1445 490 1502 qne
528 1427 696 1500 mulierum,
741 1443 815 1501 qnae
851 1429 919 1501 post
957 1425 1194 1486 resurrectionem
1233 1425 1368 1486 uiderant
1407 1427 1577 1500 Dominum,

399 1529 634 1590 soindioauerunt
664 1527 853 1588 deliramenta
888 1530 919 1587 ot
954 1527 1070 1602 quidam
1107 1527 1234 1602 ipsorum
1270 1527 1334 1588 uiso
1363 1545 1396 1589 eo
1425 1546 1484 1590 non
1513 1546 1577 1589 cro-

435 1630 571 1689 diderunt
599 1630 651 1689 sed
679 1629 897 1702 dubitauerunt,
927 1627 1033 1703 quique
1064 1630 1133 1689 tuno
1162 1646 1220 1690 non
1240 1629 1434 1690 interfuerunt
1462 1630 1577 1691 omnino

433 1747 491 1790 non
516 1731 709 1803 erediderunt,
735 1730 794 1790 nisi
821 1730 1003 1804 postmodum
1029 1731 1066 1789 ab
1093 1729 1155 1804 ipm
1181 1731 1302 1791 Domino
1326 1731 1459 1792 omnibus
1484 1731 1578 1792 modis

434 1831 559 1892 inissem
581 1831 726 1907 obiurgati
747 1836 834 1907 etque
855 1833 1013 1906 increpati:
1036 1833 1171 1906 quoniam
1191 1849 1270 1893 mors
1291 1849 1340 1892 eos
1361 1833 1405 1893 ita
1418 1833 1579 1895 ollenderat

435 1936 470 1993 ιιι
497 1935 632 2007 putarent
662 1951 726 1994 sum
754 1951 812 1993 non
849 1934 1061 2007 resurrexisse,
1098 1951 1183 2009 quem
1221 1935 1376 1994 innuerent
1411 1938 1484 1996 mori
1520 1953 1579 1997 nou

400 2053 426 2093 us
440 2035 583 2108 debuisse,
612 2034 682 2108 quia
711 2038 811 2096 eontra
840 2036 1003 2110 opinionem
1033 2036 1161 2111 ipsorum
1189 2034 1277 2096 semel
1303 2038 1435 2096 mortuns
1461 2037 1577 2098 subnot

436 2135 534 2210 itaquo
555 2136 632 2210 quod
651 2137 688 2196 ad
709 2137 788 2209 ipsos
804 2136 963 2209 discipulos
978 2138 1113 2210 pertinet,
1136 2153 1227 2210 neque
1242 2137 1386 2211 integrum
1401 2155 1493 2213 neque
1510 2155 1578 2212 per·

435 2235 541 2298 factm
563 2238 648 2298 fldem
671 2237 808 2298 habuisse
832 2237 880 2298 hie
901 2237 994 2298 modis
1011 2238 1122 2312 quibus
1146 2238 1297 2299 retulimus
1319 2237 1523 2314 inueniuntur,
1546 2241 1578 2300 et

435 2339 512 2412 quod
525 2340 616 2400 multo
631 2341 751 2413 manius
765 2341 821 2411 est,
837 2340 914 2399 siem
928 2340 958 2398 in
973 2339 1124 2413 euangelio
1139 2343 1204 2399 cate
1218 2340 1354 2400 Ioannem
1366 2341 1506 2414 seriptum
1520 2345 1577 2415 eet,

434 2439 521 2500 etiam
537 2441 610 2502 elios
624 2440 820 2514 baptizabant.

399 2555 428 2597 so
479 2543 635 2604 Praeterea
659 2541 729 2616 quid
754 2543 886 2602 dicturus
911 2558 943 2602 es
968 2544 1004 2602 de
1028 2543 1074 2602 bis
1100 2544 1150 2618 qui
1175 2545 1343 2618 plerumque
1369 2545 1407 2604 sb
1432 2545 1576 2618 episeopis
1586 2550 1629 2609 10

436 2645 578 2719 pessimae
599 2644 826 2706 conuersationis
847 2646 1049 2720 baptizantur:
1072 2645 1122 2719 qui
1145 2649 1241 2706 tamen
1268 2648 1384 2706 tandem
1409 2663 1475 2706 oum
1497 2649 1576 2707 Deus

436 2745 571 2820 uoluerit,
597 2747 627 2806 in
652 2747 810 2807 sceleribus
836 2747 898 2807 suis
924 2747 1058 2818 conuicti,
1085 2748 1173 2808 etium
1196 2749 1259 2821 ipso
1281 2750 1333 2807 aut
1353 2765 1472 2822 prorsus
1486 2749 1576 2809 otiam

436 2847 691 2909 communicatione
716 2847 891 2922 prinanlnri
915 2850 966 2908 aut
987 2849 1058 2922 quid
1081 2851 1192 2909 emines
1206 2850 1241 2909 de
1257 2847 1299 2908 eis
1314 2848 1365 2923 qui
1380 2850 1418 2909 ab
1432 2851 1576 2925 episeopis

437 2965 526 3022 praue
546 2949 740 3009 sentientibus
761 2951 812 3010 ant
833 2949 1058 3023 imperitioribus
1080 2949 1189 3010 luerint
1210 2949 1373 3024 baptisati?
1389 2952 1504 3025 qnando
1519 2969 1578 3012 non

399 3050 477 3109 seed
502 3049 643 3125 liquidum
665 3054 695 3111 et
714 3051 828 3125 integre
851 3051 899 3111 uel
924 3051 1013 3111 etium
1038 3049 1124 3112 aliter
1145 3067 1231 3126 quem
1245 3051 1359 3124 oportet
1372 3051 1404 3110 in
1418 3051 1576 3114 truditiouo

438 3152 611 3212 sacrmenti
632 3152 742 3212 luerint
760 3151 861 3224 locuti,
887 3154 966 3214 certe
987 3155 1039 3212 snt
1062 3151 1307 3227 interrogsuerint
1325 3153 1397 3228 quid
1418 3155 1471 3213 eut
1484 3153 1577 3214 inter-

435 3257 574 3329 rogantes
587 3272 605 3315 a
618 3255 860 3328 respondentibus
879 3255 1026 3315 audierint
1047 3256 1122 3329 quod
1145 3254 1261 3315 minime
1282 3252 1325 3315 its
1339 3254 1512 3331 interrogari
1525 3258 1578 3316 sut

438 3356 605 3430 responderi
626 3356 721 3429 debet,
742 3355 819 3431 quod
841 3358 939 3417 temen
955 3373 1012 3418 non
1027 3355 1112 3417 ualde
1127 3356 1207 3416 illam
1222 3357 1352 3417 nostram
1366 3358 1476 3417 rectem
1491 3357 1577 3418 fldem

436 3459 543 3531 laedat,
569 3459 620 3519 sed
645 3475 702 3519 non
727 3461 788 3520 tem
814 3462 915 3520 ornate
941 3463 974 3519 ut
999 3461 1033 3519 ιιι
1058 3461 1090 3519 ol
1110 3460 1275 3534 composite,
1301 3458 1353 3520 isti
1377 3475 1490 3535 qnoque
1505 3459 1578 3520 sim·

399 3559 571 3633 supliciorss
591 3561 722 3620 homines
744 3561 914 3636 mysterium
935 3561 1002 3622 lidei
1022 3561 1148 3620 badant.
1170 3560 1301 3621 dicturus
1322 3577 1355 3620 ea
1375 3559 1453 3620 euim
1475 3561 1577 3635 utique

434 3677 487 3736 pro
500 3663 552 3721 tun
571 3661 713 3736 singulari
735 3661 889 3738 dibgentia
904 3663 957 3724 bes
971 3679 1083 3738 qnoque
1103 3663 1195 3723 denuo
1209 3661 1397 3735 baptizandos
1412 3678 1487 3737 esso,
1511 3679 1578 3724 oum

434 3763 557 3824 maxime
579 3765 621 3824 eis
644 3781 692 3824 res
715 3765 792 3825 desit
814 3767 867 3825 sut
881 3765 979 3826 obstet
993 3781 1050 3839 quo
1065 3764 1159 3824 minus
1174 3763 1340 3825 inuiolabile
1356 3763 1429 3824 illud
1444 3763 1579 3824 diuinum

504 4005 753 4070 wahan

501 4243 591 4300 deum
599 4245 724 4317 emilie.
783 4246 816 4300 14
825 4245 970 4300 innuerent
979 4244 1052 4317 Rip,
1061 4243 1230 4329 cgedlderant
1238 4245 1313 4310 Bul,
1321 4245 1474 4301 timueram
1485 4244 1546 4301 ced.

431 4327 468 4383 rt
484 4329 544 4400 ipso
562 4334 611 4386 aut
627 4331 695 4396 cod,
717 4331 775 4400 ipso
793 4347 902 4386 munere
924 4331 1023 4400 Onon,
1048 4333 1130 4401 epatu
1147 4332 1177 4401 (ι’.
1190 4349 1211 4388 e.
1230 4331 1397 4402 episcopatu)
1410 4333 1460 4386 ent
1470 4329 1541 4396 sort.

536 4437 577 4484 111
592 4439 615 4484 a
1345 4423 1366 4488 6
