4012 5056
1451 412 1593 459 Lxxxlx

445 544 647 624 instituisset,
669 544 916 629 discrepantium
937 545 1164 629 scripturarum
1180 546 1454 612 existimationes
1469 545 1594 628 poterat

447 675 509 723 non
533 673 599 722 esse
621 655 775 740 ambigua
795 657 828 722 et
846 655 979 722 lubrica.
1002 657 1147 740 equidem
1163 657 1200 722 nt
1218 675 1276 739 par
1296 657 1365 722 erat
1379 657 1414 721 in
1429 655 1595 739 impeditis

448 767 481 834 et
504 765 603 833 uariis
629 763 889 850 cyprimiccrnm
919 766 1061 832 codicum
1091 764 1326 834 condicionibus
1355 765 1595 852 diligentiorem

448 897 575 962 operam
594 877 629 943 in
647 877 709 943 hac
735 877 918 960 quaestione
944 877 1105 957 collocaui,
1131 877 1271 961 quamsi
1286 876 1367 942 uiris
1396 876 1497 944 doctis
1523 894 1597 960 pro-

448 988 574 1069 tensio,
603 989 754 1072 quattuor
783 986 849 1056 iere
874 1005 1025 1054 annorum
1047 987 1241 1054 indefessum
1266 987 1409 1054 lahorem
1435 1006 1497 1071 quo
1522 988 1597 1071 plns

450 1099 661 1184 quadraginta
679 1097 779 1165 libros
800 1098 922 1166 excussi
944 1099 1023 1164 satis
1037 1099 1171 1182 praemii
1184 1099 1316 1164 nactum
1330 1115 1399 1164 asso
1412 1094 1547 1182 putabo.¹
1563 1099 1598 1165 in

448 1209 542 1276 rebus
556 1207 809 1295 orthographicis
823 1207 1060 1292 antiquissimos
1074 1208 1183 1294 libros,
1199 1207 1442 1293 Seguieriaunm
1455 1209 1492 1275 in
1502 1208 1598 1276 libol-

449 1319 500 1400 lis,
514 1319 550 1384 iu
561 1296 708 1403 epistulis
718 1320 840 1404 primae
850 1318 992 1386 familiae
1003 1319 1286 1398 vindobonensem,
1299 1319 1598 1404 wirceburgensem

451 1429 550 1496 etiam
565 1430 598 1496 ot
609 1429 798 1498 lhecemem
813 1431 941 1496 secutus
955 1449 1027 1496 sum
1040 1430 1184 1498 barbaris
1199 1427 1367 1514 et'pleheis
1382 1429 1519 1510 reiectis,
1534 1430 1599 1497 nisi

450 1539 532 1606 sorte
557 1557 595 1612 ea
619 1541 659 1607 ab
686 1542 813 1608 anctore
842 1541 911 1624 ipso
939 1541 1079 1625 profecta
1105 1559 1173 1606 esne
1197 1539 1354 1607 librorum
1383 1558 1535 1608 consensu
1560 1543 1599 1608 nt

450 1647 606 1716 crederem
627 1649 816 1717 adducebar.
838 1650 878 1716 ah
893 1649 934 1715 iia
949 1667 1023 1716 noro
1043 1648 1098 1716 ubi
1118 1648 1245 1729 recessi
1266 1650 1416 1735 grandom
1431 1651 1465 1717 et
1478 1650 1600 1716 rariora

449 1759 575 1826 enotaui
600 1760 779 1846 diligenter,
805 1760 929 1826 minora
953 1778 1016 1826 non
1039 1759 1130 1840 item,
1155 1760 1247 1827 uolut
1272 1760 1307 1825 iu
1330 1760 1446 1844 quibus
1472 1756 1599 1827 summa
1635 1753 1637 1758 ’

450 1869 744 1953 antiquissimorum
772 1870 887 1936 horum
915 1869 1069 1936 librorum
1100 1871 1240 1936 cernitur
1268 1869 1493 1950 incomtantia,
1529 1870 1600 1938 dieo

450 1979 730 2046 commutationem
750 1979 941 2075 litterarum
953 2000 991 2045 ce
1005 1980 1038 2046 et
1051 2001 1077 2065 c,
1096 2000 1113 2045 e
1127 1981 1160 2046 et
1173 1979 1197 2060 i,
1212 1999 1235 2062 y
1249 1981 1283 2047 et
1296 1980 1321 2064 i,
1336 2001 1361 2047 c
1375 1981 1409 2046 et
1423 1980 1452 2060 b,
1462 1979 1512 2064 pt
1526 1980 1601 2065 ets,

450 2087 485 2155 tt
505 2090 538 2156 et
551 2093 573 2169 t,
595 2088 657 2156 tet
670 2090 703 2170 d,
726 2092 964 2158 consonantium
984 2091 1179 2175 liquidarum
1200 2091 1458 2176 geminationem,
1479 2091 1600 2174 aspira-

451 2199 571 2267 tionem
586 2201 679 2268 modo
695 2201 837 2269 additam
851 2203 944 2269 modo
959 2203 1144 2289 neglectam,
1158 2201 1430 2288 praepositionum
1440 2201 1601 2268 assimila·

452 2310 580 2378 tionem.
606 2311 684 2378 haec
712 2313 812 2379 semel
834 2314 887 2378 uel
909 2313 1094 2396 aliquotiens
1119 2314 1288 2380 adnotasse
1313 2313 1392 2378 satis
1417 2312 1516 2378 habui
1537 2311 1601 2377 nisi

454 2418 510 2486 uhi
532 2421 612 2486 talia
633 2421 675 2487 ad
696 2421 951 2507 inuestigandum
973 2423 1162 2505 scripturam
1185 2441 1295 2488 nerem
1317 2421 1441 2504 aliquid
1463 2422 1601 2488 conferre

453 2528 647 2596 uiderentur.
673 2531 749 2598 huic
773 2530 961 2614 praefationi
986 2531 1081 2598 finem
1105 2531 1266 2614 imponere
1287 2548 1349 2597 non
1370 2549 1509 2614 possum,
1536 2529 1602 2596 nisi

453 2640 533 2706 uiris
559 2640 751 2708 doctissimis
777 2642 898 2727 gratim
923 2659 1013 2727 egero
1039 2640 1194 2708 maximas
1220 2641 1276 2725 qni
1299 2640 1376 2708 huic
1397 2659 1491 2708 curae
1513 2659 1603 2708 meae

453 2767 580 2834 operam
617 2771 709 2818 suam
741 2752 881 2819 humane
916 2757 1045 2819 nauare'
1066 2752 1245 2832 uoluerunt,
1282 2737 1431 2835 inprimis
1464 2751 1604 2817 Ioanni

453 2859 607 2928 Vahlen
641 2862 694 2928 cni
724 2862 809 2948 grati
844 2863 944 2929 animi
977 2861 1168 2928 testificandi
1198 2861 1401 2927 oausahauc
1430 2859 1602 2927 editionem

453 2969 570 3051 dicant,
601 2971 715 3039 deinde
744 2971 881 3039 Oarolo
910 2972 1041 3052 Halm,
1076 2970 1257 3057 Augusto
1285 2969 1601 3066 Reifferscheid,

454 3077 1603 3166 GnilielmoduRieu,LeopoldoDelisle,AntonioRuland,

454 3189 659 3272 W.Nolte,
675 3189 1421 3276 Garolollldenhoren,AngnstoO.Fr.
1437 3192 1602 3274 horona,

453 3303 508 3386 qui
532 3303 650 3388 partim
678 3303 833 3370 librorum
861 3323 957 3371 manu
986 3304 1174 3387 scriptorum
1199 3301 1280 3367 mihi
1306 3302 1431 3386 copiam
1460 3303 1604 3370 iecerunt

453 3413 570 3496 partim
590 3431 642 3481 eos
662 3413 799 3482 officiose
819 3414 1020 3498 inspexerunt
1039 3433 1206 3498 meumque
1225 3414 1260 3480 in
1275 3431 1369 3479 usum
1390 3413 1603 3480 contulerunt

496 3523 616 3608 Scripsi
630 3524 836 3592 Vindohome
850 3543 957 3601 menae
970 3524 1118 3612 Augusto
1133 3545 1162 3592 a.
1180 3524 1276 3592 1870.

1182 3913 1392 3981 Guilelmus
1414 3913 1559 3978 flami.
