<?xml version="1.0" encoding="UTF-8"?>
<!DOCTYPE html PUBLIC "-//W3C//DTD XHTML 1.0 Transitional//EN"
    "http://www.w3.org/TR/xhtml1/DTD/xhtml1-transitional.dtd">
<html xmlns="http://www.w3.org/1999/xhtml" xml:lang="en" lang="en">
 <head>
  <title>
</title>
<meta http-equiv="Content-Type" content="text/html;charset=utf-8" />
  <meta name='ocr-system' content='tesseract 3.04.00' />
  <meta name='ocr-capabilities' content='ocr_page ocr_carea ocr_par ocr_line ocrx_word'/>
</head>
<body>
  <div class='ocr_page' id='page_1' title='image "./sthascicaecilic02cyprgoog_0359.png"; bbox 0 0 4016 5054; ppageno 0'>
   <div class='ocr_carea' id='block_1_1' title="bbox 475 462 1132 534">
    <p class='ocr_par' dir='ltr' id='par_1_1' title="bbox 475 462 1132 534">
     <span class='ocr_line' id='line_1_1' title="bbox 475 462 1132 534; baseline -0.002 -18"><span class='ocrx_word' id='word_1_1' title='bbox 475 466 540 532; x_wconf 76' lang='lat'><strong>228</strong></span> <span class='ocrx_word' id='word_1_2' title='bbox 947 462 1132 534; x_wconf 76' lang='lat' dir='ltr'><strong>Appendix</strong></span> 
     </span>
    </p>
   </div>
   <div class='ocr_carea' id='block_1_2' title="bbox 428 619 1645 3644">
    <p class='ocr_par' dir='ltr' id='par_1_2' title="bbox 476 619 1604 900">
     <span class='ocr_line' id='line_1_2' title="bbox 476 619 1602 696; baseline -0.002 -15"><span class='ocrx_word' id='word_1_3' title='bbox 476 620 619 696; x_wconf 85' lang='lat' dir='ltr'><strong>promisee</strong></span> <span class='ocrx_word' id='word_1_4' title='bbox 633 621 751 682; x_wconf 78' lang='lat' dir='ltr'><strong>Christi.</strong></span> <span class='ocrx_word' id='word_1_5' title='bbox 775 621 884 682; x_wconf 89' lang='lat' dir='ltr'><strong>nullum</strong></span> <span class='ocrx_word' id='word_1_6' title='bbox 912 621 986 682; x_wconf 89' lang='lat' dir='ltr'><strong>enim</strong></span> <span class='ocrx_word' id='word_1_7' title='bbox 1012 621 1233 681; x_wconf 69' lang='lat' dir='ltr'>instrumentum</span> <span class='ocrx_word' id='word_1_8' title='bbox 1260 619 1489 692; x_wconf 69' lang='lat' dir='ltr'><strong>indubitabilius,</strong></span> <span class='ocrx_word' id='word_1_9' title='bbox 1518 635 1602 694; x_wconf 85' lang='lat' dir='ltr'><strong>quam</strong></span> 
     </span>
     <span class='ocr_line' id='line_1_3' title="bbox 477 721 1604 800; baseline -0.003 -16"><span class='ocrx_word' id='word_1_10' title='bbox 477 727 554 800; x_wconf 88' lang='lat' dir='ltr'><strong>quod</strong></span> <span class='ocrx_word' id='word_1_11' title='bbox 568 729 614 785; x_wconf 93' lang='lat' dir='ltr'><strong>tot</strong></span> <span class='ocrx_word' id='word_1_12' title='bbox 628 729 784 800; x_wconf 79' lang='lat' dir='ltr'><strong>martyrum</strong></span> <span class='ocrx_word' id='word_1_13' title='bbox 800 725 938 798; x_wconf 80' lang='lat' dir='ltr'><strong>sanguine</strong></span> <span class='ocrx_word' id='word_1_14' title='bbox 953 723 1099 798; x_wconf 74' lang='lat' dir='ltr'><strong>sigmnm</strong></span> <span class='ocrx_word' id='word_1_15' title='bbox 1114 726 1169 784; x_wconf 88' lang='lat' dir='ltr'><strong>est.</strong></span> <span class='ocrx_word' id='word_1_16' title='bbox 1196 723 1251 782; x_wconf 90' lang='lat' dir='ltr'><strong>boo</strong></span> <span class='ocrx_word' id='word_1_17' title='bbox 1272 723 1406 782; x_wconf 89' lang='lat' dir='ltr'><strong>nimirum</strong></span> <span class='ocrx_word' id='word_1_18' title='bbox 1427 725 1473 781; x_wconf 89' lang='lat' dir='ltr'><strong>est</strong></span> <span class='ocrx_word' id='word_1_19' title='bbox 1487 721 1604 795; x_wconf 91' lang='lat' dir='ltr'><strong>implere</strong></span> 
     </span>
     <span class='ocr_line' id='line_1_4' title="bbox 476 824 1132 900; baseline -0.002 -14"><span class='ocrx_word' id='word_1_20' title='bbox 476 828 595 888; x_wconf 91' lang='lat' dir='ltr'><strong>uerbum</strong></span> <span class='ocrx_word' id='word_1_21' title='bbox 610 826 674 899; x_wconf 83' lang='lat' dir='ltr'><strong>Dei,</strong></span> <span class='ocrx_word' id='word_1_22' title='bbox 689 827 743 886; x_wconf 88' lang='lat' dir='ltr'><strong>hoo</strong></span> <span class='ocrx_word' id='word_1_23' title='bbox 758 829 802 886; x_wconf 83' lang='lat' dir='ltr'><strong>eet</strong></span> <span class='ocrx_word' id='word_1_24' title='bbox 816 824 925 900; x_wconf 90' lang='lat' dir='ltr'><strong>replere</strong></span> <span class='ocrx_word' id='word_1_25' title='bbox 940 824 1132 899; x_wconf 74' lang='lat' dir='ltr'><strong>euangelium.</strong></span> 
     </span>
    </p>

    <p class='ocr_par' dir='ltr' id='par_1_3' title="bbox 428 924 1645 2207">
     <span class='ocr_line' id='line_1_5' title="bbox 428 924 1606 1002; baseline -0.002 -17"><span class='ocrx_word' id='word_1_26' title='bbox 428 929 465 986; x_wconf 93' lang='lat'><strong>11</strong></span> <span class='ocrx_word' id='word_1_27' title='bbox 522 929 577 988; x_wconf 80' lang='lat' dir='ltr'><strong>Sed</strong></span> <span class='ocrx_word' id='word_1_28' title='bbox 593 928 707 988; x_wconf 86' lang='lat' dir='ltr'><strong>iuterim</strong></span> <span class='ocrx_word' id='word_1_29' title='bbox 721 927 909 1002; x_wconf 72' lang='lat' dir='ltr'><strong>grauissimus</strong></span> <span class='ocrx_word' id='word_1_30' title='bbox 934 926 1014 988; x_wconf 90' lang='lat' dir='ltr'><strong>dolor</strong></span> <span class='ocrx_word' id='word_1_31' title='bbox 1039 927 1170 986; x_wconf 77' lang='lat' dir='ltr'><strong>oboritur</strong></span> <span class='ocrx_word' id='word_1_32' title='bbox 1183 926 1278 986; x_wconf 85' lang='lat' dir='ltr'><strong>auimo</strong></span> <span class='ocrx_word' id='word_1_33' title='bbox 1294 943 1372 997; x_wconf 85' lang='lat' dir='ltr'><strong>meo,</strong></span> <span class='ocrx_word' id='word_1_34' title='bbox 1399 924 1510 997; x_wconf 75' lang='lat' dir='ltr'><strong>dilecti,</strong></span> <span class='ocrx_word' id='word_1_35' title='bbox 1539 925 1606 984; x_wconf 91' lang='lat' dir='ltr'><strong>dum</strong></span> 
     </span>
     <span class='ocr_line' id='line_1_6' title="bbox 479 1026 1630 1102; baseline -0.004 -12"><span class='ocrx_word' id='word_1_36' title='bbox 479 1046 590 1090; x_wconf 84' lang='lat' dir='ltr'><strong>meeum</strong></span> <span class='ocrx_word' id='word_1_37' title='bbox 603 1033 714 1102; x_wconf 87' lang='lat' dir='ltr'><strong>reputo,</strong></span> <span class='ocrx_word' id='word_1_38' title='bbox 730 1045 793 1090; x_wconf 86' lang='lat' dir='ltr'><strong>eum</strong></span> <span class='ocrx_word' id='word_1_39' title='bbox 809 1029 901 1088; x_wconf 83' lang='lat' dir='ltr'><strong>adhue</strong></span> <span class='ocrx_word' id='word_1_40' title='bbox 914 1045 1014 1088; x_wconf 89' lang='lat' dir='ltr'><strong>reeens</strong></span> <span class='ocrx_word' id='word_1_41' title='bbox 1029 1026 1079 1088; x_wconf 92' lang='lat' dir='ltr'><strong>ille</strong></span> <span class='ocrx_word' id='word_1_42' title='bbox 1094 1027 1206 1088; x_wconf 69' lang='lat' dir='ltr'><strong>onusti</strong></span> <span class='ocrx_word' id='word_1_43' title='bbox 1232 1027 1351 1102; x_wconf 76' lang='lat' dir='ltr'><strong>sanguis</strong></span> <span class='ocrx_word' id='word_1_44' title='bbox 1373 1026 1483 1086; x_wconf 81' lang='lat' dir='ltr'><strong>feruere</strong></span> <span class='ocrx_word' id='word_1_45' title='bbox 1505 1026 1630 1086; x_wconf 75' lang='lat' dir='ltr'><strong>debeats</strong></span> 
     </span>
     <span class='ocr_line' id='line_1_7' title="bbox 477 1129 1605 1205; baseline -0.004 -13"><span class='ocrx_word' id='word_1_46' title='bbox 477 1132 508 1192; x_wconf 89' lang='lat' dir='ltr'><strong>in</strong></span> <span class='ocrx_word' id='word_1_47' title='bbox 523 1131 656 1193; x_wconf 87' lang='lat' dir='ltr'><strong>eordibue</strong></span> <span class='ocrx_word' id='word_1_48' title='bbox 671 1131 807 1204; x_wconf 84' lang='lat' dir='ltr'><strong>fidelium,</strong></span> <span class='ocrx_word' id='word_1_49' title='bbox 822 1133 882 1191; x_wconf 84' lang='lat' dir='ltr'><strong>tam</strong></span> <span class='ocrx_word' id='word_1_50' title='bbox 898 1131 1001 1190; x_wconf 87' lang='lat' dir='ltr'><strong>multos</strong></span> <span class='ocrx_word' id='word_1_51' title='bbox 1016 1147 1078 1190; x_wconf 72' lang='lat' dir='ltr'><strong>eme</strong></span> <span class='ocrx_word' id='word_1_52' title='bbox 1093 1132 1124 1190; x_wconf 94' lang='lat' dir='ltr'><strong>in</strong></span> <span class='ocrx_word' id='word_1_53' title='bbox 1139 1130 1245 1205; x_wconf 88' lang='lat' dir='ltr'><strong>quibos</strong></span> <span class='ocrx_word' id='word_1_54' title='bbox 1258 1129 1372 1190; x_wconf 79' lang='lat' dir='ltr'><strong>refrixit</strong></span> <span class='ocrx_word' id='word_1_55' title='bbox 1387 1129 1501 1202; x_wconf 84' lang='lat' dir='ltr'><strong>caritas,</strong></span> <span class='ocrx_word' id='word_1_56' title='bbox 1518 1131 1605 1200; x_wconf 85' lang='lat' dir='ltr'><strong>etque</strong></span> 
     </span>
     <span class='ocr_line' id='line_1_8' title="bbox 476 1230 1605 1308; baseline -0.002 -16"><span class='ocrx_word' id='word_1_57' title='bbox 476 1235 532 1292; x_wconf 90' lang='lat' dir='ltr'><strong>boe</strong></span> <span class='ocrx_word' id='word_1_58' title='bbox 546 1233 663 1308; x_wconf 78' lang='lat' dir='ltr'><strong>grauius</strong></span> <span class='ocrx_word' id='word_1_59' title='bbox 677 1234 843 1304; x_wconf 88' lang='lat' dir='ltr'><strong>disoruoior,</strong></span> <span class='ocrx_word' id='word_1_60' title='bbox 858 1233 932 1306; x_wconf 88' lang='lat' dir='ltr'><strong>qnod</strong></span> <span class='ocrx_word' id='word_1_61' title='bbox 947 1233 1021 1292; x_wconf 78' lang='lat' dir='ltr'><strong>tulos</strong></span> <span class='ocrx_word' id='word_1_62' title='bbox 1034 1248 1091 1291; x_wconf 89' lang='lat' dir='ltr'><strong>nou</strong></span> <span class='ocrx_word' id='word_1_63' title='bbox 1102 1249 1208 1306; x_wconf 83' lang='lat' dir='ltr'><strong>paucos</strong></span> <span class='ocrx_word' id='word_1_64' title='bbox 1220 1234 1350 1306; x_wconf 87' lang='lat' dir='ltr'><strong>pastores</strong></span> <span class='ocrx_word' id='word_1_65' title='bbox 1361 1232 1467 1292; x_wconf 84' lang='lat' dir='ltr'><strong>habeat</strong></span> <span class='ocrx_word' id='word_1_66' title='bbox 1476 1230 1605 1302; x_wconf 85' lang='lat' dir='ltr'><strong>eoeleeio,</strong></span> 
     </span>
     <span class='ocr_line' id='line_1_9' title="bbox 480 1332 1604 1409; baseline -0.003 -14"><span class='ocrx_word' id='word_1_67' title='bbox 480 1335 531 1409; x_wconf 91' lang='lat' dir='ltr'><strong>qui</strong></span> <span class='ocrx_word' id='word_1_68' title='bbox 545 1351 601 1394; x_wconf 90' lang='lat' dir='ltr'><strong>nou</strong></span> <span class='ocrx_word' id='word_1_69' title='bbox 616 1335 709 1395; x_wconf 86' lang='lat' dir='ltr'><strong>solum</strong></span> <span class='ocrx_word' id='word_1_70' title='bbox 723 1351 778 1392; x_wconf 90' lang='lat' dir='ltr'><strong>non</strong></span> <span class='ocrx_word' id='word_1_71' title='bbox 794 1337 940 1408; x_wconf 87' lang='lat' dir='ltr'><strong>opponunt</strong></span> <span class='ocrx_word' id='word_1_72' title='bbox 955 1351 1073 1406; x_wconf 87' lang='lat' dir='ltr'><strong>oorpora</strong></span> <span class='ocrx_word' id='word_1_73' title='bbox 1088 1351 1141 1393; x_wconf 89' lang='lat' dir='ltr'><strong>sue</strong></span> <span class='ocrx_word' id='word_1_74' title='bbox 1162 1336 1302 1394; x_wconf 70' lang='lat' dir='ltr'><strong>aduenae</strong></span> <span class='ocrx_word' id='word_1_75' title='bbox 1316 1333 1447 1407; x_wconf 88' lang='lat' dir='ltr'><strong>luporum</strong></span> <span class='ocrx_word' id='word_1_76' title='bbox 1462 1332 1604 1403; x_wconf 85' lang='lat' dir='ltr'><strong>incursus,</strong></span> 
     </span>
     <span class='ocr_line' id='line_1_10' title="bbox 478 1435 1603 1510; baseline -0.004 -13"><span class='ocrx_word' id='word_1_77' title='bbox 478 1454 578 1497; x_wconf 87' lang='lat' dir='ltr'><strong>uerum</strong></span> <span class='ocrx_word' id='word_1_78' title='bbox 592 1436 679 1497; x_wconf 89' lang='lat' dir='ltr'><strong>etiam</strong></span> <span class='ocrx_word' id='word_1_79' title='bbox 695 1435 751 1510; x_wconf 90' lang='lat' dir='ltr'><strong>ipsi</strong></span> <span class='ocrx_word' id='word_1_80' title='bbox 767 1436 849 1510; x_wconf 87' lang='lat' dir='ltr'><strong>lupos</strong></span> <span class='ocrx_word' id='word_1_81' title='bbox 860 1439 964 1510; x_wconf 77' lang='lat' dir='ltr'><strong>agunt,</strong></span> <span class='ocrx_word' id='word_1_82' title='bbox 987 1435 1054 1495; x_wconf 91' lang='lat' dir='ltr'><strong>dum</strong></span> <span class='ocrx_word' id='word_1_83' title='bbox 1074 1436 1202 1496; x_wconf 78' lang='lat' dir='ltr'><strong>mactant</strong></span> <span class='ocrx_word' id='word_1_84' title='bbox 1223 1453 1257 1496; x_wconf 89' lang='lat' dir='ltr'><strong>ao</strong></span> <span class='ocrx_word' id='word_1_85' title='bbox 1270 1436 1395 1510; x_wconf 87' lang='lat' dir='ltr'><strong>perdunt</strong></span> <span class='ocrx_word' id='word_1_86' title='bbox 1409 1435 1519 1496; x_wconf 79' lang='lat' dir='ltr'><strong>eminuas</strong></span> <span class='ocrx_word' id='word_1_87' title='bbox 1534 1435 1603 1494; x_wconf 90' lang='lat' dir='ltr'><strong>sim·</strong></span> 
     </span>
     <span class='ocr_line' id='line_1_11' title="bbox 475 1537 1643 1623; baseline -0.003 -26"><span class='ocrx_word' id='word_1_88' title='bbox 475 1538 603 1612; x_wconf 83' lang='lat' dir='ltr'><strong>plinium,</strong></span> <span class='ocrx_word' id='word_1_89' title='bbox 626 1538 683 1611; x_wconf 86' lang='lat' dir='ltr'><strong>ipsi</strong></span> <span class='ocrx_word' id='word_1_90' title='bbox 708 1538 800 1596; x_wconf 89' lang='lat' dir='ltr'><strong>uentri</strong></span> <span class='ocrx_word' id='word_1_91' title='bbox 826 1553 887 1610; x_wconf 85' lang='lat' dir='ltr'><strong>eno,</strong></span> <span class='ocrx_word' id='word_1_92' title='bbox 914 1537 1044 1610; x_wconf 83' lang='lat' dir='ltr'><strong>quaestui</strong></span> <span class='ocrx_word' id='word_1_93' title='bbox 1071 1541 1101 1596; x_wconf 92' lang='lat' dir='ltr'><strong>et</strong></span> <span class='ocrx_word' id='word_1_94' title='bbox 1122 1537 1273 1623; x_wconf 79' lang='lat' dir='ltr'><strong>ambitioni</strong></span> <span class='ocrx_word' id='word_1_95' title='bbox 1296 1537 1464 1606; x_wconf 87' lang='lat' dir='ltr'><strong>seruientee,</strong></span> <span class='ocrx_word' id='word_1_96' title='bbox 1479 1537 1643 1608; x_wconf 81' lang='lat' dir='ltr'><strong>adeoquoxo</strong></span> 
     </span>
     <span class='ocr_line' id='line_1_12' title="bbox 478 1637 1606 1712; baseline -0.001 -14"><span class='ocrx_word' id='word_1_97' title='bbox 478 1657 535 1699; x_wconf 91' lang='lat' dir='ltr'><strong>nou</strong></span> <span class='ocrx_word' id='word_1_98' title='bbox 550 1639 672 1712; x_wconf 91' lang='lat' dir='ltr'><strong>impleut</strong></span> <span class='ocrx_word' id='word_1_99' title='bbox 678 1641 794 1698; x_wconf 90' lang='lat' dir='ltr'><strong>uerbum</strong></span> <span class='ocrx_word' id='word_1_100' title='bbox 806 1639 868 1710; x_wconf 81' lang='lat' dir='ltr'><strong>Dei,</strong></span> <span class='ocrx_word' id='word_1_101' title='bbox 885 1642 918 1697; x_wconf 87' lang='lat' dir='ltr'><strong>ut</strong></span> <span class='ocrx_word' id='word_1_102' title='bbox 931 1639 1004 1697; x_wconf 91' lang='lat' dir='ltr'><strong>iliud</strong></span> <span class='ocrx_word' id='word_1_103' title='bbox 1016 1640 1212 1711; x_wconf 77' lang='lat' dir='ltr'><strong>cauponentur</strong></span> <span class='ocrx_word' id='word_1_104' title='bbox 1223 1639 1318 1710; x_wconf 88' lang='lat' dir='ltr'><strong>potius</strong></span> <span class='ocrx_word' id='word_1_105' title='bbox 1333 1641 1364 1698; x_wconf 92' lang='lat' dir='ltr'><strong>et</strong></span> <span class='ocrx_word' id='word_1_106' title='bbox 1379 1637 1474 1712; x_wconf 90' lang='lat' dir='ltr'><strong>impiis</strong></span> <span class='ocrx_word' id='word_1_107' title='bbox 1488 1639 1606 1711; x_wconf 77' lang='lat' dir='ltr'><strong>dogma·</strong></span> 
     </span>
     <span class='ocr_line' id='line_1_13' title="bbox 478 1739 1606 1813; baseline -0.002 -11"><span class='ocrx_word' id='word_1_108' title='bbox 478 1742 557 1802; x_wconf 88' lang='lat' dir='ltr'><strong>tibus</strong></span> <span class='ocrx_word' id='word_1_109' title='bbox 572 1740 749 1800; x_wconf 84' lang='lat' dir='ltr'><strong>adulterent:</strong></span> <span class='ocrx_word' id='word_1_110' title='bbox 766 1757 818 1798; x_wconf 92' lang='lat' dir='ltr'><strong>neo</strong></span> <span class='ocrx_word' id='word_1_111' title='bbox 833 1742 961 1813; x_wconf 75' lang='lat' dir='ltr'><strong>cogitent</strong></span> <span class='ocrx_word' id='word_1_112' title='bbox 975 1739 1049 1812; x_wconf 90' lang='lat' dir='ltr'><strong>quod</strong></span> <span class='ocrx_word' id='word_1_113' title='bbox 1062 1739 1112 1798; x_wconf 93' lang='lat' dir='ltr'><strong>ille</strong></span> <span class='ocrx_word' id='word_1_114' title='bbox 1123 1743 1269 1812; x_wconf 84' lang='lat' dir='ltr'><strong>pastorum</strong></span> <span class='ocrx_word' id='word_1_115' title='bbox 1280 1740 1412 1813; x_wconf 89' lang='lat' dir='ltr'><strong>priuoeps</strong></span> <span class='ocrx_word' id='word_1_116' title='bbox 1424 1739 1606 1800; x_wconf 85' lang='lat' dir='ltr'><strong>seuerissime</strong></span> 
     </span>
     <span class='ocr_line' id='line_1_14' title="bbox 476 1839 1608 1916; baseline -0.003 -15"><span class='ocrx_word' id='word_1_117' title='bbox 476 1841 582 1902; x_wconf 88' lang='lat' dir='ltr'><strong>iudieio</strong></span> <span class='ocrx_word' id='word_1_118' title='bbox 597 1843 727 1916; x_wconf 81' lang='lat' dir='ltr'><strong>reposcet</strong></span> <span class='ocrx_word' id='word_1_119' title='bbox 738 1840 868 1914; x_wconf 78' lang='lat' dir='ltr'><strong>singulos</strong></span> <span class='ocrx_word' id='word_1_120' title='bbox 883 1857 961 1912; x_wconf 84' lang='lat' dir='ltr'><strong>ones,</strong></span> <span class='ocrx_word' id='word_1_121' title='bbox 978 1858 1029 1915; x_wconf 88' lang='lat' dir='ltr'><strong>pro</strong></span> <span class='ocrx_word' id='word_1_122' title='bbox 1045 1840 1150 1914; x_wconf 85' lang='lat' dir='ltr'><strong>quibus</strong></span> <span class='ocrx_word' id='word_1_123' title='bbox 1159 1839 1333 1900; x_wconf 76' lang='lat' dir='ltr'><strong>rudimentis</strong></span> <span class='ocrx_word' id='word_1_124' title='bbox 1344 1839 1512 1914; x_wconf 75' lang='lat' dir='ltr'><strong>sauguinem</strong></span> <span class='ocrx_word' id='word_1_125' title='bbox 1524 1857 1608 1901; x_wconf 89' lang='lat' dir='ltr'><strong>suum</strong></span> 
     </span>
     <span class='ocr_line' id='line_1_15' title="bbox 480 1942 1609 2017; baseline -0.001 -15"><span class='ocrx_word' id='word_1_126' title='bbox 480 1945 603 2014; x_wconf 83' lang='lat' dir='ltr'><strong>fuderat,</strong></span> <span class='ocrx_word' id='word_1_127' title='bbox 619 1944 655 2002; x_wconf 91' lang='lat' dir='ltr'><strong>de</strong></span> <span class='ocrx_word' id='word_1_128' title='bbox 676 1943 808 2002; x_wconf 85' lang='lat' dir='ltr'><strong>manibus</strong></span> <span class='ocrx_word' id='word_1_129' title='bbox 822 1961 926 2004; x_wconf 88' lang='lat' dir='ltr'><strong>eorum.</strong></span> <span class='ocrx_word' id='word_1_130' title='bbox 944 1944 993 2002; x_wconf 87' lang='lat' dir='ltr'><strong>sed</strong></span> <span class='ocrx_word' id='word_1_131' title='bbox 1014 1943 1081 2002; x_wconf 89' lang='lat' dir='ltr'><strong>iilos</strong></span> <span class='ocrx_word' id='word_1_132' title='bbox 1102 1961 1185 2002; x_wconf 87' lang='lat' dir='ltr'><strong>suum</strong></span> <span class='ocrx_word' id='word_1_133' title='bbox 1206 1946 1304 2004; x_wconf 83' lang='lat' dir='ltr'><strong>menet</strong></span> <span class='ocrx_word' id='word_1_134' title='bbox 1319 1942 1507 2017; x_wconf 78' lang='lat' dir='ltr'><strong>supplicium:</strong></span> <span class='ocrx_word' id='word_1_135' title='bbox 1534 1959 1609 2001; x_wconf 90' lang='lat' dir='ltr'><strong>nuno</strong></span> 
     </span>
     <span class='ocr_line' id='line_1_16' title="bbox 480 2044 1645 2118; baseline 0 -14"><span class='ocrx_word' id='word_1_136' title='bbox 480 2045 584 2105; x_wconf 88' lang='lat' dir='ltr'><strong>melius</strong></span> <span class='ocrx_word' id='word_1_137' title='bbox 599 2049 644 2104; x_wconf 85' lang='lat' dir='ltr'><strong>eet</strong></span> <span class='ocrx_word' id='word_1_138' title='bbox 659 2049 693 2104; x_wconf 90' lang='lat' dir='ltr'><strong>ut</strong></span> <span class='ocrx_word' id='word_1_139' title='bbox 707 2044 820 2105; x_wconf 87' lang='lat' dir='ltr'><strong>omissis</strong></span> <span class='ocrx_word' id='word_1_140' title='bbox 836 2046 960 2118; x_wconf 86' lang='lat' dir='ltr'><strong>querelis</strong></span> <span class='ocrx_word' id='word_1_141' title='bbox 976 2061 1028 2104; x_wconf 90' lang='lat' dir='ltr'><strong>noe</strong></span> <span class='ocrx_word' id='word_1_142' title='bbox 1042 2045 1168 2105; x_wconf 88' lang='lat' dir='ltr'><strong>inuioom</strong></span> <span class='ocrx_word' id='word_1_143' title='bbox 1194 2047 1229 2104; x_wconf 92' lang='lat' dir='ltr'><strong>ad</strong></span> <span class='ocrx_word' id='word_1_144' title='bbox 1256 2045 1379 2104; x_wconf 83' lang='lat' dir='ltr'><strong>officium</strong></span> <span class='ocrx_word' id='word_1_145' title='bbox 1405 2046 1480 2118; x_wconf 91' lang='lat' dir='ltr'><strong>quod</strong></span> <span class='ocrx_word' id='word_1_146' title='bbox 1495 2044 1645 2104; x_wconf 77' lang='lat' dir='ltr'><strong>Christum</strong></span> 
     </span>
     <span class='ocr_line' id='line_1_17' title="bbox 481 2147 823 2207; baseline 0 -3"><span class='ocrx_word' id='word_1_147' title='bbox 481 2147 617 2206; x_wconf 86' lang='lat' dir='ltr'><strong>debemus</strong></span> <span class='ocrx_word' id='word_1_148' title='bbox 632 2147 823 2207; x_wconf 80' lang='lat' dir='ltr'><strong>exhortemur.</strong></span> 
     </span>
    </p>

    <p class='ocr_par' dir='ltr' id='par_1_4' title="bbox 442 2235 1643 3644">
     <span class='ocr_line' id='line_1_18' title="bbox 442 2235 1610 2320; baseline 0 -15"><span class='ocrx_word' id='word_1_149' title='bbox 442 2235 494 2306; x_wconf 76' lang='lat'><strong>12¹</strong></span> <span class='ocrx_word' id='word_1_150' title='bbox 525 2246 640 2320; x_wconf 78' lang='lat' dir='ltr'><strong>Triplex</strong></span> <span class='ocrx_word' id='word_1_151' title='bbox 656 2264 673 2306; x_wconf 83' lang='lat' dir='ltr'><strong>a</strong></span> <span class='ocrx_word' id='word_1_152' title='bbox 689 2247 803 2306; x_wconf 75' lang='lat' dir='ltr'><strong>christo</strong></span> <span class='ocrx_word' id='word_1_153' title='bbox 818 2247 1010 2306; x_wconf 86' lang='lat' dir='ltr'><strong>testimonium</strong></span> <span class='ocrx_word' id='word_1_154' title='bbox 1026 2247 1204 2320; x_wconf 88' lang='lat' dir='ltr'><strong>aooepimus,</strong></span> <span class='ocrx_word' id='word_1_155' title='bbox 1231 2248 1337 2320; x_wconf 87' lang='lat' dir='ltr'><strong>triplex</strong></span> <span class='ocrx_word' id='word_1_156' title='bbox 1353 2245 1397 2306; x_wconf 91' lang='lat' dir='ltr'><strong>illi</strong></span> <span class='ocrx_word' id='word_1_157' title='bbox 1412 2247 1610 2307; x_wconf 76' lang='lat' dir='ltr'><strong>testimonium</strong></span> 
     </span>
     <span class='ocr_line' id='line_1_19' title="bbox 480 2348 1610 2423; baseline 0.001 -16"><span class='ocrx_word' id='word_1_158' title='bbox 480 2351 632 2408; x_wconf 87' lang='lat' dir='ltr'><strong>reddamus</strong></span> <span class='ocrx_word' id='word_1_159' title='bbox 665 2352 785 2422; x_wconf 83' lang='lat' dir='ltr'><strong>oportet.</strong></span> <span class='ocrx_word' id='word_1_160' title='bbox 817 2349 976 2408; x_wconf 87' lang='lat' dir='ltr'><strong>rudimenta</strong></span> <span class='ocrx_word' id='word_1_161' title='bbox 1001 2348 1125 2408; x_wconf 86' lang='lat' dir='ltr'><strong>fideliter</strong></span> <span class='ocrx_word' id='word_1_162' title='bbox 1151 2349 1298 2408; x_wconf 82' lang='lat' dir='ltr'><strong>tradamus</strong></span> <span class='ocrx_word' id='word_1_163' title='bbox 1327 2349 1515 2423; x_wconf 79' lang='lat' dir='ltr'><strong>baptizandis,</strong></span> <span class='ocrx_word' id='word_1_164' title='bbox 1545 2366 1610 2422; x_wconf 90' lang='lat' dir='ltr'><strong>per·</strong></span> 
     </span>
     <span class='ocr_line' id='line_1_20' title="bbox 478 2451 1608 2525; baseline 0 -17"><span class='ocrx_word' id='word_1_165' title='bbox 478 2451 599 2509; x_wconf 86' lang='lat' dir='ltr'><strong>ieotiora</strong></span> <span class='ocrx_word' id='word_1_166' title='bbox 612 2451 776 2524; x_wconf 82' lang='lat' dir='ltr'><strong>baptizatis.</strong></span> <span class='ocrx_word' id='word_1_167' title='bbox 803 2451 999 2511; x_wconf 77' lang='lat' dir='ltr'><strong>confirmemus</strong></span> <span class='ocrx_word' id='word_1_168' title='bbox 1024 2452 1090 2512; x_wconf 88' lang='lat' dir='ltr'><strong>illos</strong></span> <span class='ocrx_word' id='word_1_169' title='bbox 1105 2452 1249 2511; x_wconf 85' lang='lat' dir='ltr'><strong>iruolibue</strong></span> <span class='ocrx_word' id='word_1_170' title='bbox 1271 2452 1390 2525; x_wconf 89' lang='lat' dir='ltr'><strong>spiritus</strong></span> <span class='ocrx_word' id='word_1_171' title='bbox 1404 2452 1441 2511; x_wconf 89' lang='lat' dir='ltr'><strong>ad</strong></span> <span class='ocrx_word' id='word_1_172' title='bbox 1455 2452 1608 2511; x_wconf 80' lang='lat' dir='ltr'><strong>caelestem</strong></span> 
     </span>
     <span class='ocr_line' id='line_1_21' title="bbox 477 2550 1642 2627; baseline 0.002 -17"><span class='ocrx_word' id='word_1_173' title='bbox 477 2550 568 2612; x_wconf 75' lang='lat' dir='ltr'><strong>uitam</strong></span> <span class='ocrx_word' id='word_1_174' title='bbox 585 2555 781 2626; x_wconf 80' lang='lat' dir='ltr'><strong>prouocantes,</strong></span> <span class='ocrx_word' id='word_1_175' title='bbox 800 2555 830 2612; x_wconf 94' lang='lat' dir='ltr'><strong>et</strong></span> <span class='ocrx_word' id='word_1_176' title='bbox 844 2553 869 2612; x_wconf 89' lang='lat' dir='ltr'><strong>ei</strong></span> <span class='ocrx_word' id='word_1_177' title='bbox 885 2569 931 2612; x_wconf 89' lang='lat' dir='ltr'><strong>ree</strong></span> <span class='ocrx_word' id='word_1_178' title='bbox 945 2553 1088 2627; x_wconf 85' lang='lat' dir='ltr'><strong>postulet,</strong></span> <span class='ocrx_word' id='word_1_179' title='bbox 1110 2552 1234 2612; x_wconf 87' lang='lat' dir='ltr'><strong>libenter</strong></span> <span class='ocrx_word' id='word_1_180' title='bbox 1248 2553 1336 2613; x_wconf 84' lang='lat' dir='ltr'><strong>etiem</strong></span> <span class='ocrx_word' id='word_1_181' title='bbox 1350 2553 1440 2612; x_wconf 83' lang='lat' dir='ltr'><strong>uitam</strong></span> <span class='ocrx_word' id='word_1_182' title='bbox 1454 2552 1642 2612; x_wconf 79' lang='lat' dir='ltr'><strong>commissero</strong></span> 
     </span>
     <span class='ocr_line' id='line_1_22' title="bbox 474 2653 1607 2730; baseline 0 -18"><span class='ocrx_word' id='word_1_183' title='bbox 474 2653 558 2714; x_wconf 88' lang='lat' dir='ltr'><strong>nobie</strong></span> <span class='ocrx_word' id='word_1_184' title='bbox 573 2653 654 2728; x_wconf 72' lang='lat' dir='ltr'><strong>gregi</strong></span> <span class='ocrx_word' id='word_1_185' title='bbox 670 2653 867 2726; x_wconf 83' lang='lat' dir='ltr'><strong>impendemus</strong></span> <span class='ocrx_word' id='word_1_186' title='bbox 882 2657 1035 2730; x_wconf 87' lang='lat' dir='ltr'><strong>nostraque</strong></span> <span class='ocrx_word' id='word_1_187' title='bbox 1052 2659 1144 2716; x_wconf 87' lang='lat' dir='ltr'><strong>morte</strong></span> <span class='ocrx_word' id='word_1_188' title='bbox 1159 2655 1287 2715; x_wconf 87' lang='lat' dir='ltr'><strong>uioiseim</strong></span> <span class='ocrx_word' id='word_1_189' title='bbox 1302 2655 1393 2715; x_wconf 89' lang='lat' dir='ltr'><strong>Deum</strong></span> <span class='ocrx_word' id='word_1_190' title='bbox 1408 2653 1607 2714; x_wconf 85' lang='lat' dir='ltr'><strong>oierilioomus.</strong></span> 
     </span>
     <span class='ocr_line' id='line_1_23' title="bbox 476 2753 1605 2832; baseline 0 -18"><span class='ocrx_word' id='word_1_191' title='bbox 476 2758 557 2814; x_wconf 86' lang='lat' dir='ltr'><strong>etue</strong></span> <span class='ocrx_word' id='word_1_192' title='bbox 573 2755 618 2814; x_wconf 88' lang='lat' dir='ltr'><strong>oui</strong></span> <span class='ocrx_word' id='word_1_193' title='bbox 633 2753 766 2815; x_wconf 88' lang='lat' dir='ltr'><strong>uideatur</strong></span> <span class='ocrx_word' id='word_1_194' title='bbox 783 2756 885 2815; x_wconf 90' lang='lat' dir='ltr'><strong>mirum</strong></span> <span class='ocrx_word' id='word_1_195' title='bbox 900 2759 991 2816; x_wconf 89' lang='lat' dir='ltr'><strong>morte</strong></span> <span class='ocrx_word' id='word_1_196' title='bbox 1006 2757 1152 2817; x_wconf 91' lang='lat' dir='ltr'><strong>hominum</strong></span> <span class='ocrx_word' id='word_1_197' title='bbox 1169 2757 1324 2832; x_wconf 70' lang='lat' dir='ltr'><strong>glorificari</strong></span> <span class='ocrx_word' id='word_1_198' title='bbox 1338 2757 1438 2828; x_wconf 87' lang='lat' dir='ltr'><strong>Deum,</strong></span> <span class='ocrx_word' id='word_1_199' title='bbox 1456 2757 1522 2816; x_wconf 85' lang='lat' dir='ltr'><strong>audi</strong></span> <span class='ocrx_word' id='word_1_200' title='bbox 1537 2757 1605 2814; x_wconf 91' lang='lat' dir='ltr'><strong>boa·</strong></span> 
     </span>
     <span class='ocr_line' id='line_1_24' title="bbox 473 2857 1606 2934; baseline -0.001 -19"><span class='ocrx_word' id='word_1_201' title='bbox 473 2858 535 2915; x_wconf 86' lang='lat' dir='ltr'><strong>tum</strong></span> <span class='ocrx_word' id='word_1_202' title='bbox 550 2857 686 2916; x_wconf 89' lang='lat' dir='ltr'><strong>Ioannem</strong></span> <span class='ocrx_word' id='word_1_203' title='bbox 701 2857 731 2916; x_wconf 91' lang='lat' dir='ltr'><strong>in</strong></span> <span class='ocrx_word' id='word_1_204' title='bbox 746 2859 894 2933; x_wconf 78' lang='lat' dir='ltr'><strong>euangelio</strong></span> <span class='ocrx_word' id='word_1_205' title='bbox 910 2860 944 2918; x_wconf 90' lang='lat' dir='ltr'><strong>de</strong></span> <span class='ocrx_word' id='word_1_206' title='bbox 959 2858 1056 2930; x_wconf 87' lang='lat' dir='ltr'><strong>Petro,</strong></span> <span class='ocrx_word' id='word_1_207' title='bbox 1078 2858 1123 2918; x_wconf 90' lang='lat' dir='ltr'><strong>oui</strong></span> <span class='ocrx_word' id='word_1_208' title='bbox 1139 2857 1279 2920; x_wconf 88' lang='lat' dir='ltr'><strong>Dominus</strong></span> <span class='ocrx_word' id='word_1_209' title='bbox 1293 2859 1474 2934; x_wconf 75' lang='lat' dir='ltr'><strong>praedixerat</strong></span> <span class='ocrx_word' id='word_1_210' title='bbox 1489 2859 1549 2918; x_wconf 88' lang='lat' dir='ltr'><strong>iore</strong></span> <span class='ocrx_word' id='word_1_211' title='bbox 1574 2863 1606 2916; x_wconf 92' lang='lat' dir='ltr'><strong>ut</strong></span> 
     </span>
     <span class='ocr_line' id='line_1_25' title="bbox 473 2956 1605 3038; baseline 0.001 -22"><span class='ocrx_word' id='word_1_212' title='bbox 473 2956 523 3016; x_wconf 91' lang='lat' dir='ltr'><strong>ubi</strong></span> <span class='ocrx_word' id='word_1_213' title='bbox 538 2960 690 3030; x_wconf 85' lang='lat' dir='ltr'><strong>senuisset,</strong></span> <span class='ocrx_word' id='word_1_214' title='bbox 705 2959 742 3019; x_wconf 83' lang='lat' dir='ltr'><strong>eb</strong></span> <span class='ocrx_word' id='word_1_215' title='bbox 757 2960 813 3020; x_wconf 86' lang='lat' dir='ltr'><strong>alio</strong></span> <span class='ocrx_word' id='word_1_216' title='bbox 828 2959 991 3033; x_wconf 74' lang='lat' dir='ltr'><strong>pingeretur</strong></span> <span class='ocrx_word' id='word_1_217' title='bbox 1006 2963 1035 3018; x_wconf 88' lang='lat' dir='ltr'><strong>ot</strong></span> <span class='ocrx_word' id='word_1_218' title='bbox 1050 2960 1201 3020; x_wconf 86' lang='lat' dir='ltr'><strong>duceretur</strong></span> <span class='ocrx_word' id='word_1_219' title='bbox 1223 2978 1279 3034; x_wconf 92' lang='lat' dir='ltr'><strong>quo</strong></span> <span class='ocrx_word' id='word_1_220' title='bbox 1301 2960 1400 3038; x_wconf 85' lang='lat' dir='ltr'><strong>nollet,</strong></span> <span class='ocrx_word' id='word_1_221' title='bbox 1424 2962 1465 3018; x_wconf 89' lang='lat' dir='ltr'><strong>ita</strong></span> <span class='ocrx_word' id='word_1_222' title='bbox 1486 2960 1605 3033; x_wconf 90' lang='lat' dir='ltr'><strong>loquen-</strong></span> 
     </span>
     <span class='ocr_line' id='line_1_26' title="bbox 474 3060 1641 3136; baseline 0.002 -18"><span class='ocrx_word' id='word_1_223' title='bbox 474 3062 550 3118; x_wconf 88' lang='lat' dir='ltr'><strong>tem:</strong></span> <span class='ocrx_word' id='word_1_224' title='bbox 581 3060 812 3134; x_wconf 81' lang='lat' dir='ltr'><strong>eignifieene</strong></span> <span class='ocrx_word' id='word_1_225' title='bbox 833 3078 900 3135; x_wconf 85' lang='lat' dir='ltr'><strong>qua</strong></span> <span class='ocrx_word' id='word_1_226' title='bbox 921 3063 1035 3122; x_wconf 92' lang='lat' dir='ltr'><strong>morte</strong></span> <span class='ocrx_word' id='word_1_227' title='bbox 1058 3065 1161 3121; x_wconf 86' lang='lat' dir='ltr'><strong>esset</strong></span> <span class='ocrx_word' id='word_1_228' title='bbox 1183 3061 1641 3136; x_wconf 81' lang='lat' dir='ltr'><strong>glorilioaturueDeum.re</strong></span> 
     </span>
     <span class='ocr_line' id='line_1_27' title="bbox 478 3162 1607 3238; baseline 0.001 -17"><span class='ocrx_word' id='word_1_229' title='bbox 478 3164 619 3236; x_wconf 87' lang='lat' dir='ltr'><strong>quotquot</strong></span> <span class='ocrx_word' id='word_1_230' title='bbox 633 3162 724 3236; x_wconf 84' lang='lat' dir='ltr'><strong>igitur</strong></span> <span class='ocrx_word' id='word_1_231' title='bbox 743 3163 780 3221; x_wconf 84' lang='lat' dir='ltr'><strong>ab</strong></span> <span class='ocrx_word' id='word_1_232' title='bbox 803 3163 869 3222; x_wconf 91' lang='lat' dir='ltr'><strong>orbe</strong></span> <span class='ocrx_word' id='word_1_233' title='bbox 896 3163 1008 3222; x_wconf 80' lang='lat' dir='ltr'><strong>condito</strong></span> <span class='ocrx_word' id='word_1_234' title='bbox 1029 3166 1147 3237; x_wconf 88' lang='lat' dir='ltr'><strong>propter</strong></span> <span class='ocrx_word' id='word_1_235' title='bbox 1161 3164 1262 3235; x_wconf 87' lang='lat' dir='ltr'><strong>Deum,</strong></span> <span class='ocrx_word' id='word_1_236' title='bbox 1285 3167 1402 3238; x_wconf 90' lang='lat' dir='ltr'><strong>propter</strong></span> <span class='ocrx_word' id='word_1_237' title='bbox 1417 3163 1556 3224; x_wconf 86' lang='lat' dir='ltr'><strong>iustitium</strong></span> <span class='ocrx_word' id='word_1_238' title='bbox 1573 3180 1607 3222; x_wconf 88' lang='lat' dir='ltr'><strong>ae</strong></span> 
     </span>
     <span class='ocr_line' id='line_1_28' title="bbox 475 3262 1604 3338; baseline 0.004 -18"><span class='ocrx_word' id='word_1_239' title='bbox 475 3262 614 3337; x_wconf 89' lang='lat' dir='ltr'><strong>pietatem</strong></span> <span class='ocrx_word' id='word_1_240' title='bbox 628 3264 734 3323; x_wconf 92' lang='lat' dir='ltr'><strong>mortui</strong></span> <span class='ocrx_word' id='word_1_241' title='bbox 749 3267 826 3335; x_wconf 89' lang='lat' dir='ltr'><strong>eunt,</strong></span> <span class='ocrx_word' id='word_1_242' title='bbox 841 3267 930 3325; x_wconf 92' lang='lat' dir='ltr'><strong>morte</strong></span> <span class='ocrx_word' id='word_1_243' title='bbox 942 3281 995 3324; x_wconf 84' lang='lat' dir='ltr'><strong>sua</strong></span> <span class='ocrx_word' id='word_1_244' title='bbox 1006 3265 1240 3338; x_wconf 80' lang='lat' dir='ltr'><strong>gioridoaueruut</strong></span> <span class='ocrx_word' id='word_1_245' title='bbox 1250 3265 1351 3326; x_wconf 87' lang='lat' dir='ltr'><strong>Deum.</strong></span> <span class='ocrx_word' id='word_1_246' title='bbox 1367 3283 1433 3325; x_wconf 87' lang='lat' dir='ltr'><strong>nem</strong></span> <span class='ocrx_word' id='word_1_247' title='bbox 1448 3264 1604 3338; x_wconf 82' lang='lat' dir='ltr'><strong>eleemosy-</strong></span> 
     </span>
     <span class='ocr_line' id='line_1_29' title="bbox 472 3365 1604 3440; baseline 0.002 -16"><span class='ocrx_word' id='word_1_248' title='bbox 472 3381 527 3424; x_wconf 88' lang='lat' dir='ltr'><strong>nae</strong></span> <span class='ocrx_word' id='word_1_249' title='bbox 541 3365 648 3424; x_wconf 87' lang='lat' dir='ltr'><strong>ieiunia</strong></span> <span class='ocrx_word' id='word_1_250' title='bbox 671 3367 848 3440; x_wconf 78' lang='lat' dir='ltr'><strong>prepetiones</strong></span> <span class='ocrx_word' id='word_1_251' title='bbox 871 3365 985 3440; x_wconf 88' lang='lat' dir='ltr'><strong>aliaque</strong></span> <span class='ocrx_word' id='word_1_252' title='bbox 1000 3367 1118 3440; x_wconf 86' lang='lat' dir='ltr'><strong>pietatis</strong></span> <span class='ocrx_word' id='word_1_253' title='bbox 1134 3367 1354 3426; x_wconf 78' lang='lat' dir='ltr'><strong>exercitamenta</strong></span> <span class='ocrx_word' id='word_1_254' title='bbox 1368 3367 1505 3426; x_wconf 85' lang='lat' dir='ltr'><strong>simulant</strong></span> <span class='ocrx_word' id='word_1_255' title='bbox 1518 3367 1604 3426; x_wconf 85' lang='lat' dir='ltr'><strong>etiam</strong></span> 
     </span>
     <span class='ocr_line' id='line_1_30' title="bbox 474 3466 1603 3556; baseline 0.002 -30"><span class='ocrx_word' id='word_1_256' title='bbox 474 3466 656 3542; x_wconf 78' lang='lat' dir='ltr'><strong>hypocritae:</strong></span> <span class='ocrx_word' id='word_1_257' title='bbox 672 3469 791 3528; x_wconf 91' lang='lat' dir='ltr'><strong>mortem</strong></span> <span class='ocrx_word' id='word_1_258' title='bbox 806 3485 886 3528; x_wconf 89' lang='lat' dir='ltr'><strong>nemo</strong></span> <span class='ocrx_word' id='word_1_259' title='bbox 902 3469 1028 3540; x_wconf 86' lang='lat' dir='ltr'><strong>suseepit</strong></span> <span class='ocrx_word' id='word_1_260' title='bbox 1043 3469 1194 3556; x_wconf 54' lang='lat' dir='ltr'><strong>aboriter,</strong></span> <span class='ocrx_word' id='word_1_261' title='bbox 1211 3469 1266 3526; x_wconf 86' lang='lat' dir='ltr'><strong>nisi</strong></span> <span class='ocrx_word' id='word_1_262' title='bbox 1281 3468 1330 3542; x_wconf 90' lang='lat' dir='ltr'><strong>qui</strong></span> <span class='ocrx_word' id='word_1_263' title='bbox 1345 3471 1422 3528; x_wconf 90' lang='lat' dir='ltr'><strong>oerto</strong></span> <span class='ocrx_word' id='word_1_264' title='bbox 1436 3485 1603 3542; x_wconf 78' lang='lat' dir='ltr'><strong>persuasum</strong></span> 
     </span>
     <span class='ocr_line' id='line_1_31' title="bbox 476 3568 1643 3644; baseline 0.007 -18"><span class='ocrx_word' id='word_1_265' title='bbox 476 3568 606 3640; x_wconf 85' lang='lat' dir='ltr'><strong>haberet,</strong></span> <span class='ocrx_word' id='word_1_266' title='bbox 628 3569 702 3627; x_wconf 88' lang='lat' dir='ltr'><strong>nibil</strong></span> <span class='ocrx_word' id='word_1_267' title='bbox 713 3569 827 3629; x_wconf 87' lang='lat' dir='ltr'><strong>aduersi</strong></span> <span class='ocrx_word' id='word_1_268' title='bbox 842 3587 924 3642; x_wconf 81' lang='lat' dir='ltr'><strong>porse</strong></span> <span class='ocrx_word' id='word_1_269' title='bbox 938 3570 1066 3630; x_wconf 68' lang='lat' dir='ltr'><strong>wddere</strong></span> <span class='ocrx_word' id='word_1_270' title='bbox 1082 3570 1119 3628; x_wconf 85' lang='lat' dir='ltr'><strong>iis</strong></span> <span class='ocrx_word' id='word_1_271' title='bbox 1135 3571 1184 3644; x_wconf 92' lang='lat' dir='ltr'><strong>qui</strong></span> <span class='ocrx_word' id='word_1_272' title='bbox 1199 3572 1358 3644; x_wconf 87' lang='lat' dir='ltr'><strong>persistunt</strong></span> <span class='ocrx_word' id='word_1_273' title='bbox 1372 3571 1401 3629; x_wconf 93' lang='lat' dir='ltr'><strong>iu</strong></span> <span class='ocrx_word' id='word_1_274' title='bbox 1414 3571 1533 3630; x_wconf 75' lang='lat' dir='ltr'><strong>oemlate</strong></span> <span class='ocrx_word' id='word_1_275' title='bbox 1543 3571 1604 3630; x_wconf 88' lang='lat' dir='ltr'><strong>Dei.</strong></span> <span class='ocrx_word' id='word_1_276' title='bbox 1616 3595 1643 3634; x_wconf 87' lang='lat' dir='ltr'><strong>eo</strong></span> 
     </span>
    </p>
   </div>
   <div class='ocr_carea' id='block_1_3' title="bbox 424 3669 1641 4156">
    <p class='ocr_par' dir='ltr' id='par_1_5' title="bbox 424 3669 1641 4156">
     <span class='ocr_line' id='line_1_32' title="bbox 424 3669 1606 3746; baseline -0.002 -14"><span class='ocrx_word' id='word_1_277' title='bbox 424 3677 464 3734; x_wconf 87' lang='grc'><strong>13</strong></span> <span class='ocrx_word' id='word_1_278' title='bbox 517 3669 618 3743; x_wconf 82' lang='lat' dir='ltr'><strong>Neque</strong></span> <span class='ocrx_word' id='word_1_279' title='bbox 634 3672 728 3730; x_wconf 87' lang='lat' dir='ltr'><strong>tamen</strong></span> <span class='ocrx_word' id='word_1_280' title='bbox 741 3672 838 3730; x_wconf 86' lang='lat' dir='ltr'><strong>statim</strong></span> <span class='ocrx_word' id='word_1_281' title='bbox 849 3673 958 3746; x_wconf 88' lang='lat' dir='ltr'><strong>martyr</strong></span> <span class='ocrx_word' id='word_1_282' title='bbox 969 3675 1014 3730; x_wconf 87' lang='lat' dir='ltr'><strong>eat</strong></span> <span class='ocrx_word' id='word_1_283' title='bbox 1026 3673 1076 3744; x_wconf 90' lang='lat' dir='ltr'><strong>qui</strong></span> <span class='ocrx_word' id='word_1_284' title='bbox 1088 3672 1237 3742; x_wconf 84' lang='lat' dir='ltr'><strong>oooiditur,</strong></span> <span class='ocrx_word' id='word_1_285' title='bbox 1250 3673 1417 3732; x_wconf 89' lang='lat' dir='ltr'><strong>oooiduntur</strong></span> <span class='ocrx_word' id='word_1_286' title='bbox 1428 3675 1458 3732; x_wconf 89' lang='lat' dir='ltr'><strong>et</strong></span> <span class='ocrx_word' id='word_1_287' title='bbox 1469 3672 1564 3732; x_wconf 87' lang='lat' dir='ltr'><strong>eioarii</strong></span> <span class='ocrx_word' id='word_1_288' title='bbox 1576 3676 1606 3731; x_wconf 90' lang='lat' dir='ltr'><strong>et</strong></span> 
     </span>
     <span class='ocr_line' id='line_1_33' title="bbox 473 3772 1605 3851; baseline -0.001 -19"><span class='ocrx_word' id='word_1_289' title='bbox 473 3772 601 3846; x_wconf 79' lang='lat' dir='ltr'><strong>piratae:</strong></span> <span class='ocrx_word' id='word_1_290' title='bbox 613 3790 669 3832; x_wconf 92' lang='lat' dir='ltr'><strong>non</strong></span> <span class='ocrx_word' id='word_1_291' title='bbox 681 3772 853 3847; x_wconf 88' lang='lat' dir='ltr'><strong>suppiioinm</strong></span> <span class='ocrx_word' id='word_1_292' title='bbox 864 3773 934 3832; x_wconf 84' lang='lat' dir='ltr'><strong>iaoit</strong></span> <span class='ocrx_word' id='word_1_293' title='bbox 945 3777 1100 3849; x_wconf 86' lang='lat' dir='ltr'><strong>martyrem</strong></span> <span class='ocrx_word' id='word_1_294' title='bbox 1116 3776 1166 3834; x_wconf 89' lang='lat' dir='ltr'><strong>aed</strong></span> <span class='ocrx_word' id='word_1_295' title='bbox 1182 3791 1278 3835; x_wconf 71' lang='lat' dir='ltr'><strong>eausa</strong></span> <span class='ocrx_word' id='word_1_296' title='bbox 1290 3777 1365 3850; x_wconf 91' lang='lat' dir='ltr'><strong>quod</strong></span> <span class='ocrx_word' id='word_1_297' title='bbox 1376 3777 1458 3851; x_wconf 86' lang='lat' dir='ltr'><strong>siqui</strong></span> <span class='ocrx_word' id='word_1_298' title='bbox 1472 3777 1605 3850; x_wconf 74' lang='lat' dir='ltr'><strong>teguntur</strong></span> 
     </span>
     <span class='ocr_line' id='line_1_34' title="bbox 475 3875 1604 3952; baseline 0.003 -19"><span class='ocrx_word' id='word_1_299' title='bbox 475 3875 531 3934; x_wconf 90' lang='lat' dir='ltr'><strong>eibi</strong></span> <span class='ocrx_word' id='word_1_300' title='bbox 542 3875 655 3935; x_wconf 86' lang='lat' dir='ltr'><strong>iortiter</strong></span> <span class='ocrx_word' id='word_1_301' title='bbox 667 3875 840 3936; x_wconf 86' lang='lat' dir='ltr'><strong>oonsoinieee</strong></span> <span class='ocrx_word' id='word_1_302' title='bbox 852 3893 957 3949; x_wconf 85' lang='lat' dir='ltr'><strong>nouem,</strong></span> <span class='ocrx_word' id='word_1_303' title='bbox 973 3879 1023 3936; x_wconf 94' lang='lat' dir='ltr'><strong>aut</strong></span> <span class='ocrx_word' id='word_1_304' title='bbox 1038 3875 1190 3938; x_wconf 83' lang='lat' dir='ltr'><strong>infirmitas</strong></span> <span class='ocrx_word' id='word_1_305' title='bbox 1203 3881 1362 3938; x_wconf 89' lang='lat' dir='ltr'><strong>eratmorte</strong></span> <span class='ocrx_word' id='word_1_306' title='bbox 1374 3895 1513 3952; x_wconf 89' lang='lat' dir='ltr'><strong>queereus</strong></span> <span class='ocrx_word' id='word_1_307' title='bbox 1525 3877 1604 3936; x_wconf 92' lang='lat' dir='ltr'><strong>dolo·</strong></span> 
     </span>
     <span class='ocr_line' id='line_1_35' title="bbox 474 3977 1605 4054; baseline -0.001 -16"><span class='ocrx_word' id='word_1_308' title='bbox 474 3995 538 4038; x_wconf 89' lang='lat' dir='ltr'><strong>rum</strong></span> <span class='ocrx_word' id='word_1_309' title='bbox 549 3977 633 4036; x_wconf 86' lang='lat' dir='ltr'><strong>linem</strong></span> <span class='ocrx_word' id='word_1_310' title='bbox 645 3979 697 4036; x_wconf 86' lang='lat' dir='ltr'><strong>out</strong></span> <span class='ocrx_word' id='word_1_311' title='bbox 708 3977 826 4038; x_wconf 90' lang='lat' dir='ltr'><strong>ambitio</strong></span> <span class='ocrx_word' id='word_1_312' title='bbox 837 3981 888 4038; x_wconf 89' lang='lat' dir='ltr'><strong>aut</strong></span> <span class='ocrx_word' id='word_1_313' title='bbox 901 3979 1052 4039; x_wconf 89' lang='lat' dir='ltr'><strong>dementia.</strong></span> <span class='ocrx_word' id='word_1_314' title='bbox 1069 3996 1123 4040; x_wconf 87' lang='lat' dir='ltr'><strong>neo</strong></span> <span class='ocrx_word' id='word_1_315' title='bbox 1137 3981 1191 4040; x_wconf 91' lang='lat' dir='ltr'><strong>hoo</strong></span> <span class='ocrx_word' id='word_1_316' title='bbox 1206 3983 1251 4040; x_wconf 87' lang='lat' dir='ltr'><strong>est</strong></span> <span class='ocrx_word' id='word_1_317' title='bbox 1263 3979 1458 4040; x_wconf 86' lang='lat' dir='ltr'><strong>testimonium</strong></span> <span class='ocrx_word' id='word_1_318' title='bbox 1469 3981 1605 4054; x_wconf 88' lang='lat' dir='ltr'><strong>praebere</strong></span> 
     </span>
     <span class='ocr_line' id='line_1_36' title="bbox 475 4079 1641 4156; baseline 0.007 -20"><span class='ocrx_word' id='word_1_319' title='bbox 475 4079 535 4140; x_wconf 87' lang='lat' dir='ltr'><strong>Deo</strong></span> <span class='ocrx_word' id='word_1_320' title='bbox 550 4079 580 4137; x_wconf 93' lang='lat' dir='ltr'><strong>id</strong></span> <span class='ocrx_word' id='word_1_321' title='bbox 594 4079 688 4138; x_wconf 82' lang='lat' dir='ltr'><strong>iacere</strong></span> <span class='ocrx_word' id='word_1_322' title='bbox 710 4080 784 4151; x_wconf 91' lang='lat' dir='ltr'><strong>quod</strong></span> <span class='ocrx_word' id='word_1_323' title='bbox 800 4083 829 4138; x_wconf 87' lang='lat' dir='ltr'><strong>et</strong></span> <span class='ocrx_word' id='word_1_324' title='bbox 843 4080 902 4139; x_wconf 90' lang='lat' dir='ltr'><strong>Deo</strong></span> <span class='ocrx_word' id='word_1_325' title='bbox 918 4080 1051 4154; x_wconf 88' lang='lat' dir='ltr'><strong>dieplioet</strong></span> <span class='ocrx_word' id='word_1_326' title='bbox 1078 4085 1108 4140; x_wconf 94' lang='lat' dir='ltr'><strong>et</strong></span> <span class='ocrx_word' id='word_1_327' title='bbox 1134 4082 1264 4154; x_wconf 79' lang='lat' dir='ltr'><strong>gentium</strong></span> <span class='ocrx_word' id='word_1_328' title='bbox 1280 4083 1367 4142; x_wconf 86' lang='lat' dir='ltr'><strong>etiam</strong></span> <span class='ocrx_word' id='word_1_329' title='bbox 1381 4083 1493 4156; x_wconf 81' lang='lat' dir='ltr'><strong>legibus</strong></span> <span class='ocrx_word' id='word_1_330' title='bbox 1507 4083 1605 4155; x_wconf 90' lang='lat' dir='ltr'><strong>prohi-</strong></span> <span class='ocrx_word' id='word_1_331' title='bbox 1616 4103 1641 4144; x_wconf 79' lang='lat' dir='ltr'><strong>ee</strong></span> 
     </span>
    </p>
   </div>
   <div class='ocr_carea' id='block_1_4' title="bbox 548 4341 761 4396">
    <p class='ocr_par' dir='ltr' id='par_1_6' title="bbox 548 4341 761 4396">
     <span class='ocr_line' id='line_1_37' title="bbox 548 4341 761 4396; baseline -0.009 -4"><span class='ocrx_word' id='word_1_332' title='bbox 548 4341 583 4393; x_wconf 81' lang='lat'><strong>‘25</strong></span> <span class='ocrx_word' id='word_1_333' title='bbox 601 4341 638 4394; x_wconf 88' lang='lat' dir='ltr'><strong>Io.</strong></span> <span class='ocrx_word' id='word_1_334' title='bbox 658 4341 702 4396; x_wconf 79' lang='lat'><strong>21.</strong></span> <span class='ocrx_word' id='word_1_335' title='bbox 720 4341 761 4394; x_wconf 75' lang='lat'><strong>19.</strong></span> 
     </span>
    </p>
   </div>
   <div class='ocr_carea' id='block_1_5' title="bbox 0 0 2016 5054">
    <p class='ocr_par' dir='ltr' id='par_1_7' title="bbox 0 0 2016 5054">
     <span class='ocr_line' id='line_1_38' title="bbox 0 0 2016 5054; baseline 0 0"><span class='ocrx_word' id='word_1_336' title='bbox 0 0 2016 5054; x_wconf 95' lang='lat' dir='ltr'><strong> </strong></span> 
     </span>
    </p>
   </div>
  </div>
 </body>
</html>
