4012 5056
729 447 777 502 De
793 446 895 504 lande
912 447 1072 517 martyrii
1095 463 1118 502 o.
1136 447 1235 506 8-11.
1511 451 1554 518 33

409 599 522 676 offerro,
543 618 597 664 neo
615 603 674 666 ium
697 604 848 667 retinendo
861 607 930 666 suut
944 602 1029 664 nobie
1043 606 1073 665 et
1088 603 1287 681 amplectende
1300 601 1441 666 beneflcio
1455 601 1556 664 oiuins

408 719 530 777 quornm
544 704 624 766 ultre
636 724 733 768 rorum
748 709 880 771 sudorem
893 709 978 768 tonte
992 707 1032 768 sit
1045 707 1105 768 iste
1118 724 1229 768 meroes
1239 709 1379 784 quantum
1394 706 1425 766 in
1436 706 1556 766 dioenoio

406 805 535 866 humens
554 808 737 870 mediooritue
751 809 801 870 nix
814 809 908 884 possit
926 807 1046 884 inplere.
1069 809 1205 885 sunguini
1224 811 1323 870 noetm
1337 810 1421 883 petet
1434 807 1555 880 melum
1631 860 1636 869 .

409 908 546 982 sanguini
556 910 704 984 polumnus
715 911 794 972 oodit
803 911 1001 972 hubitneulum
1012 914 1043 972 ot
1051 911 1129 973 inter
1137 911 1264 972 omnium
1274 911 1398 986 gloriam
1408 908 1556 985 pulchrior

386 1008 562 1084 oeenguinis
575 1010 681 1074 titulus
695 1015 726 1073 et
740 1013 881 1090 integrior
895 1029 1000 1076 eorone
1013 1013 1157 1088 signem.

452 1111 500 1172 Sio
520 1114 654 1188 quotiens
673 1116 709 1177 ds
728 1116 812 1177 hoste
825 1115 1052 1191 triumphalibus
1072 1116 1177 1190 spoliis
1191 1119 1313 1178 onustus
1328 1116 1413 1176 miles
1427 1113 1557 1191 ingredi-
1566 1111 1609 1173 10

409 1213 468 1286 tnr,
494 1215 663 1276 uulneribus
685 1217 748 1278 onis
772 1217 897 1293 mutiet:
921 1216 964 1278 eio
988 1213 1124 1292 quotiens
1147 1217 1370 1293 tempestatibus
1392 1217 1442 1277 diu
1467 1219 1559 1277 neutu

408 1312 553 1391 iutigetus
567 1315 656 1380 litore
678 1320 743 1380 tute
757 1318 921 1394 eontigerit,
942 1318 1115 1381 ielieitetem
1129 1337 1213 1382 suum
1226 1321 1263 1382 de
1278 1337 1414 1396 perpesso
1429 1319 1557 1396 perioulo

409 1416 501 1480 duoit.
524 1421 570 1478 est
583 1420 660 1480 onim
680 1420 820 1495 protento,
840 1419 900 1482 nisi
914 1419 1011 1496 fullon,
1031 1420 1116 1482 leber
1136 1422 1233 1483 neone
1247 1439 1300 1498 per
1314 1437 1399 1497 qoem
1413 1420 1557 1482 seonnitne

377 1534 404 1574 so
412 1517 570 1582 inuenitur.
593 1520 685 1596 igitur
699 1522 849 1584 tolerando
862 1525 931 1582 eunt
944 1521 1052 1596 omnin,
1066 1523 1207 1598 periente
1221 1527 1335 1598 onnotu,
1350 1540 1405 1585 neo
1418 1524 1558 1598 nopotem·

410 1621 479 1682 dum
510 1640 567 1698 quo
598 1624 708 1684 modico
738 1626 866 1699 gaudens
898 1627 1029 1699 tempore
1063 1628 1096 1684 ot
1125 1629 1265 1700 perpetuo
1291 1624 1422 1700 punieris
1447 1624 1559 1684 sudoro.

410 1723 576 1784 meminisse
600 1725 676 1785 enim
702 1726 838 1786 dommus
863 1725 946 1786 uelut
972 1727 1097 1801 quodum
1124 1730 1154 1787 te
1180 1726 1306 1788 foederis
1331 1725 1465 1801 peotiono
1491 1741 1562 1785 oon·

410 1823 554 1902 strictum
569 1844 604 1888 ex
619 1844 677 1903 que
691 1831 743 1889 eut
757 1829 947 1904 oepeeeendse
962 1829 1068 1890 solutis
1083 1828 1124 1891 eit
1138 1830 1218 1890 iuste
1231 1829 1360 1892 ooudioio
1381 1830 1434 1889 eut
1451 1843 1561 1902 poento

412 1927 520 1987 moritu
538 1929 676 1991 formido:
700 1933 763 1991 stne
784 1928 860 1992 inter
880 1931 1004 1992 uouereu
1016 1923 1128 2006 puriter
1143 1934 1174 1992 et
1186 1947 1337 2007 prospero,
1358 1947 1438 1991 erne
1453 1929 1559 2005 [inter]

379 2044 406 2086 us
416 2029 447 2090 st
475 2029 551 2089 telo:
589 2031 713 2106 hincque
742 2036 772 2093 te
800 2032 957 2092 seeouleris
985 2032 1124 2106 ambitio,
1159 2032 1227 2092 inde
1264 2031 1399 2093 eoelestis
1427 2031 1562 2091 admonet

412 2131 591 2205 magnitudo.

456 2231 486 2292 Si
501 2232 625 2294 salutem
639 2231 725 2294 times
739 2235 870 2309 perdere,
885 2235 957 2296 seito
972 2237 1003 2296 te
1017 2235 1091 2296 mori
1105 2252 1201 2312 posse.
1221 2251 1306 2310 porro
1321 2237 1417 2295 onum
1433 2236 1561 2295 oontem-
1571 2228 1611 2289 11

413 2336 509 2394 nendo
523 2335 578 2395 tibi
591 2353 669 2397 more
683 2339 738 2410 est,
758 2338 804 2398 oni
820 2337 952 2396 christus
974 2339 1086 2399 ooeieus
1100 2340 1156 2398 eet.
1180 2341 1248 2398 anto
1268 2338 1367 2398 oeulos
1380 2336 1436 2396 tibi
1450 2352 1564 2410 quoquo

414 2440 586 2496 oonourrent
617 2438 775 2498 dominicus
803 2437 1002 2513 promissionis
1030 2439 1179 2513 exemplu,
1209 2439 1382 2501 oonourrent
1410 2437 1510 2497 obtutu
1534 2436 1565 2496 et

485 2777 501 2830 1
520 2777 556 2847 et]
570 2777 617 2832 esti
630 2778 669 2833 Μ
676 2777 716 2846 (et
729 2777 764 2847 Q)
873 2777 1035 2832 debensiioie
1054 2778 1081 2832 Τ
1095 2779 1114 2833 b
1130 2779 1163 2832 ies
1180 2794 1236 2834 rue.
1342 2777 1468 2834 ssurdore
1482 2777 1534 2850 QT

418 2861 458 2916 sit
474 2862 540 2932 ists]
559 2865 587 2916 et
604 2861 667 2916 sitis
685 2861 743 2932 ΟΤ,
761 2861 832 2917 sito
972 2861 1115 2917 (licendum
1132 2863 1174 2917 1³¹
1308 2861 1327 2920 3
1344 2862 1490 2918 menoritue
1508 2863 1535 2918 Τ

417 2949 511 3016 posset
529 2947 553 3018 Q
666 2947 685 3000 4
702 2945 831 3015 sunguini
847 2947 938 3000 nostro
956 2963 974 3002 o
1089 2947 1215 3017 gehenne
1233 2947 1259 3002 Τ
1384 2948 1457 3003 inter
1474 2947 1567 3002 omniu

417 3047 443 3093 o.
466 3032 626 3088 inferiorum
650 3033 769 3087 omnium
797 3031 886 3087 Ooeoet
1027 3031 1177 3100 gloriosum
1195 3031 1294 3096 LNP,
1316 3033 1406 3101 glorie
1424 3033 1451 3087 Τ
1470 3031 1568 3099 Ouum,

420 3115 526 3186 glories
544 3135 562 3174 o
684 3119 701 3172 5
719 3117 845 3187 signatus
864 3115 927 3188 ΘΤ,
945 3116 1085 3187 signatum
1103 3115 1191 3172 LNP
1311 3118 1329 3172 6
1347 3119 1385 3172 nio
1404 3116 1429 3187 Q
1445 3133 1481 3172 m.
1498 3117 1568 3172 etin

418 3218 514 3273 usurp„
532 3203 571 3256 sit
582 3202 772 3273 LMNPQ‘T
855 3201 1061 3271 triumphabilie
1081 3200 1133 3273 ΘΤ
1216 3200 1300 3255 milex
1317 3201 1383 3256 LT'
1464 3201 1568 3270 'igon-

421 3286 490 3343 dent
498 3287 534 3353 L,
546 3287 668 3359 pendens
680 3287 792 3357 NPQT
841 3286 898 3347 odiu
908 3288 1004 3358 naute]
1016 3287 1110 3342 diuina
1122 3290 1197 3342 ente
1208 3286 1235 3342 Τ
1292 3287 1311 3342 8
1322 3287 1477 3356 contugerit
1491 3285 1543 3357 Qu

420 3372 487 3430 9et
504 3373 576 3427 enim
597 3372 621 3444 Q
725 3372 854 3442 profectio
873 3371 905 3443 Q,
922 3370 1085 3441 profectioni
1104 3372 1137 3439 Τ,
1154 3370 1329 3442 profectionis
1346 3371 1412 3426 ΜΡ
1513 3368 1570 3424 nisi

420 3473 473 3514 om.
490 3458 528 3513 Μ
530 3458 623 3530 ῬΟΤ
737 3457 967 3512 manutenete
984 3455 1013 3510 L
1135 3458 1169 3512 11
1188 3472 1241 3526 quo
1258 3455 1373 3526 modico]
1393 3454 1523 3525 quomodo
1540 3453 1571 3510 id

421 3543 586 3617 LMPQ’T.
604 3543 677 3613 quod
694 3545 723 3598 in
741 3543 796 3597 isto
814 3543 849 3598 N
861 3542 893 3596 iet
909 3557 976 3606 rae„
993 3541 1127 3612 quomodo
1143 3542 1191 3596 hio
1211 3541 1257 3612 ρ’,
1275 3541 1407 3612 quomodo
1423 3539 1502 3595 breui
1517 3557 1536 3596 o

418 3629 542 3686 adorem
564 3630 588 3701 Q
684 3627 815 3683 lunense
835 3627 889 3698 Οὐ
906 3626 1045 3696 (debenus
1062 3627 1148 3699 ΜΦ)
1241 3627 1275 3682 13
1292 3627 1351 3697 ent]
1369 3623 1574 3696 atzmu

419 3715 470 3773 eod
488 3717 516 3773 Τ
530 3732 551 3772 e.
565 3715 583 3771 t.
701 3713 871 3784 oopiseondee
890 3711 934 3778 Τ’,
953 3713 1030 3794 oupis
1046 3712 1111 3769 inde
1128 3711 1165 3768 Μ
1180 3713 1213 3769 ie
1229 3729 1286 3768 roe.
1400 3727 1488 3782 poene
1505 3710 1541 3765 N

420 3803 455 3858 14
477 3801 596 3857 formido
615 3802 682 3872 ees]
706 3798 918 3856 formidolositas
937 3799 1005 3853 Tio
1022 3815 1044 3854 e.
1063 3800 1091 3864 t,
1110 3798 1226 3853 formido
1243 3798 1299 3852 situ
1318 3797 1354 3870 Q,
1371 3796 1488 3854 formido
1505 3795 1572 3851 hino

425 3903 443 3942 e
461 3889 497 3943 Μ
513 3887 563 3943 sed
579 3887 646 3944 hino
662 3889 695 3942 in
711 3903 776 3952 res,
799 3887 915 3941 forsitan
933 3885 1006 3950 LN,
1023 3883 1151 3939 fomitem
1170 3883 1199 3953 Ρ
1361 3882 1443 3954 inter]
1462 3881 1573 3938 sinister

426 3973 458 4044 Q,
476 3973 590 4028 sinmtrn
607 3973 645 4028 Μ
658 3989 691 4028 re
707 3973 804 4027 inrue.
944 3971 982 4042 et]
1001 3987 1033 4026 uo
1050 3988 1068 4027 o
1207 3983 1319 4038 propere
1338 3968 1363 4039 Q
1498 3967 1573 4023 iuter

423 4074 476 4114 oet.
495 4059 607 4131 LNPQ
771 4058 805 4113 15
822 4073 874 4127 quo
892 4073 962 4112 erun
981 4058 1014 4111 iet
1030 4055 1149 4122 11(th
1169 4053 1205 4126 Q)
1368 4051 1441 4124 inde]
1459 4050 1526 4108 hine
1542 4052 1575 4104 Μ

424 4145 458 4199 tn
480 4159 537 4202 rae.
563 4143 637 4212 <inde
662 4145 696 4216 Q)
837 4142 870 4195 17
879 4142 977 4216 ‚emori
996 4141 1028 4207 Τ,
1045 4140 1160 4196 memori
1180 4139 1204 4212 Q
1344 4138 1379 4193 18
1396 4136 1451 4192 tibi
1468 4151 1574 4207 quoque

425 4231 532 4300 scripsi,
550 4230 606 4286 tibi
623 4247 692 4301 quse
705 4231 736 4296 T,
755 4229 860 4298 tibique
877 4225 998 4297 LNPQ,
1014 4226 1068 4282 tibi
1086 4240 1217 4296 quueeoo
1364 4224 1399 4279 19
1416 4217 1574 4278 oon'onrront

425 4315 478 4389 QT
493 4319 660 4384 (concurrent
676 4317 731 4385 Μ),
749 4315 908 4372 oonounrnnt
924 4313 960 4369 N
1059 4311 1256 4384 promissionis]
1278 4307 1413 4381 passionis
1430 4326 1448 4365 o

528 4421 572 4471 111
586 4424 610 4470 Α
1341 4398 1363 4462 3
