4016 5054
468 411 530 475 180
939 403 1124 473 Appendix.

467 561 549 639 copis
563 561 771 623 esculentorum
786 561 897 622 unimus
911 561 1055 637 puscitur,
1077 564 1107 621 ot
1121 559 1183 620 unni
1197 559 1332 622 odoriferi
1351 558 1413 620 sole
1434 558 1596 633 munds

468 664 582 741 seepins
596 664 753 724 suscitetur
767 663 889 724 suimus.
905 663 975 739 qnid
989 680 1041 736 per
1054 662 1222 738 hypocrisin
1236 661 1300 721 nult
1313 661 1350 721 eb
1363 659 1526 720 hominibus
1541 661 1595 718 sb·

467 767 579 827 stinens
592 766 650 826 dici
664 768 694 826 et
707 765 739 824 in
753 767 862 826 secretu
877 765 1010 826 comibus
1025 767 1055 824 et
1068 762 1208 824 ebrietate
1223 762 1367 824 diswndil
1390 762 1498 822 hubent
1510 761 1596 822 multi

467 867 586 930 dicitius
603 885 675 945 quus
689 867 750 928 suis
766 867 866 928 usibus
885 869 993 943 negent
1007 867 1059 926 sed
1081 883 1133 940 pro
1147 865 1303 941 cupiditate
1324 868 1509 936 couscrumo,
1531 863 1598 936 qni-

466 974 522 1032 bus
544 970 570 1031 si
584 969 665 1031 nulls
680 971 822 1045 cupiditas
836 969 1018 1044 inhaesisset,
1030 984 1084 1030 nec
1094 967 1261 1042 cupiditstis
1271 967 1396 1043 insignis
1406 967 1621 1042 possiderents

467 1077 498 1133 st
511 1090 579 1133 uero
593 1073 661 1149 quis
675 1073 832 1148 cupiditate
843 1072 970 1148 possessi
984 1074 1067 1144 sunt,
1082 1071 1268 1144 perfruuntur
1281 1070 1375 1129 ummo
1389 1070 1464 1144 quod
1474 1086 1529 1128 usu
1540 1086 1598 1128 non

467 1177 600 1249 iungunt.
631 1175 712 1236 iteis
732 1175 783 1250 qni
797 1173 928 1249 despexit
948 1173 1094 1235 uinculum
1115 1173 1296 1248 nuptiarum,
1323 1173 1353 1232 et
1367 1172 1452 1231 uliter
1466 1169 1599 1231 femineis

468 1275 592 1337 uinculis
607 1277 766 1350 obligetur:
787 1276 919 1351 quemuis
939 1276 1019 1335 nullo
1035 1275 1186 1336 concubitu
1204 1275 1372 1346 miscentur,
1393 1273 1532 1334 desiderio
1554 1276 1597 1333 tu·

467 1394 533 1438 men
546 1377 612 1436 nisu
626 1377 774 1452 conloquio
786 1377 983 1436 coniunctione
995 1391 1108 1456 semper
1118 1376 1289 1436 oblectetur.
1303 1391 1371 1434 num
1385 1375 1411 1434 si
1426 1375 1599 1435 desiderium

467 1477 589 1538 feminee
599 1494 655 1537 non
669 1479 799 1550 heberet,
815 1477 1637 1552 numqnumfeminsmsnisobiectumsntisedsumeret.1o

467 1577 555 1640 immo
570 1595 636 1639 uero
651 1579 767 1654 insuper
780 1579 852 1640 mihi
868 1581 1032 1654 suspectum
1046 1578 1184 1654 plecitnm
1198 1578 1278 1637 dedit
1298 1577 1348 1652 qni
1367 1595 1425 1638 non
1438 1577 1599 1654 legitimum

469 1681 551 1740 duxit
564 1683 595 1740 et
609 1680 766 1756 legitimum
780 1681 941 1742 recusauit:
957 1682 1015 1740 uisi
1029 1681 1131 1752 folior,
1147 1681 1178 1739 in
1192 1680 1306 1754 publico
1321 1683 1536 1755 mgumentstus
1553 1685 1600 1740 cst

469 1781 632 1842 hominibus
646 1782 813 1856 promittere
828 1782 1017 1844 sanctitatem
1032 1786 1061 1843 et
1083 1783 1114 1842 in
1129 1782 1239 1843 occulto
1262 1783 1323 1842 sine
1345 1799 1431 1842 uxore
1451 1799 1508 1840 non
1523 1798 1598 1842 esse.

469 1884 524 1943 duo
539 1886 706 1957 argumente
720 1882 848 1943 libidinis
864 1887 893 1944 et
908 1883 1074 1944 sanctitutis
1094 1885 1162 1942 hino
1177 1886 1207 1943 et
1221 1884 1286 1943 inde
1297 1883 1427 1942 wando
1436 1883 1513 1954 sunt,
1525 1899 1599 1958 quse

467 1987 589 2058 utusque
604 1985 727 2045 inuicem
740 1987 846 2059 tegunt
860 1987 889 2044 et
903 1988 1024 2059 utreque
1041 1984 1163 2045 inuicem
1176 1984 1309 2058 produnt.
1325 1985 1490 2060 ingeniosus
1504 2001 1599 2044 eunn-
1609 2000 1636 2040 ns

469 2085 541 2145 chus
555 2089 586 2145 et
598 2087 733 2146 moechus
748 2086 859 2146 inuidet
872 2086 928 2146 sibi
943 2088 1011 2146 dum
1026 2086 1159 2159 consulit,
1183 2087 1212 2146 et
1227 2087 1294 2145 dnm
1309 2086 1598 2161 quomodocumque,

467 2191 601 2247 nonnum
616 2188 693 2261 fecit,
709 2191 743 2248 ut
757 2191 875 2248 mecum
889 2189 1006 2248 minime
1021 2189 1175 2262 deputetur
1189 2189 1239 2263 qui
1253 2207 1311 2250 non
1322 2206 1390 2249 nere
1400 2188 1601 2249 coniunctione

468 2276 642 2364 perfruetur,
659 2307 723 2350 cum
737 2289 1008 2366 Peniusepostolus
1023 2289 1115 2350 dicet:
1138 2289 1325 2365 alligatus
1348 2306 1385 2350 cs
1406 2291 1533 2351 uxorii
1557 2307 1601 2350 ne

470 2393 680 2467 quaesieris
708 2393 944 2454 solutionem.
975 2393 1124 2454 solutus
1146 2408 1184 2454 ss
1204 2394 1248 2453 sb
1269 2397 1405 2453 uxorei
1427 2410 1470 2454 ne
1491 2411 1601 2470 quse·

470 2493 581 2554 sienis
602 2509 757 2557 uxorem.
771 2491 831 2555 'sed
846 2495 993 2556 consentio
1009 2511 1066 2554 non
1087 2511 1150 2554 esso
1171 2493 1317 2555 eutimiis
1330 2494 1416 2555 huius
1431 2495 1638 2569 pudicitiemeo

470 2595 625 2655 uiolatum:
649 2597 815 2670 suspiciosis
829 2600 927 2657 mmen
941 2596 1047 2657 melem
1061 2596 1186 2672 porrigit
1200 2596 1306 2656 famem
1326 2599 1356 2657 et
1374 2596 1529 2673 pudicitiae
1544 2597 1602 2658 bo·

469 2713 539 2756 num
564 2695 673 2758 frustm
698 2696 871 2758 intrinsecus
896 2698 1038 2758 laborioso
1065 2714 1156 2772 egone
1178 2699 1319 2772 custodit,
1342 2702 1418 2773 quod
1441 2699 1602 2760 forinsecus

470 2797 560 2858 efficit
573 2797 716 2874 infamari,
732 2800 883 2861 destruens
897 2799 1097 2874 magisterium
1111 2799 1196 2860 Penii
1215 2800 1338 2875 apostoli
1353 2801 1531 2876 procidentis
1546 2819 1600 2876 pe-

470 2897 542 2957 riter
556 2901 587 2958 et
600 2899 756 2960 monentis:
772 2905 815 2960 ut
837 2901 932 2976 qnid,
956 2901 1060 2974 inquit,
1083 2900 1244 2962 libentes
1259 2918 1332 2961 men
1352 2902 1542 2962 iudicetur
1558 2904 1601 2961 eb

469 2999 626 3060 infideli
642 3002 898 3062 conscientie?
922 3003 956 3061 si
978 3019 1042 3076 ego
1057 3001 1210 3077 gretiee
1232 3003 1429 3078 participo,
1452 3007 1492 3062 nt
1513 3003 1639 3078 quidus

470 3102 709 3176 blasphemor
739 3121 803 3179 pro
831 3121 869 3166 eo
898 3106 998 3178 qnod
1030 3105 1179 3180 gratius
1207 3108 1303 3179 ego?
1337 3105 1419 3179 peius
1445 3107 1490 3164 est
1515 3121 1602 3179 quem

471 3205 601 3266 moechis
622 3206 827 3268 continentiam
843 3209 945 3268 ducere
968 3208 1150 3268 criminosam
1170 3209 1200 3267 et
1221 3207 1356 3268 infamem
1377 3205 1470 3268 fecere
1491 3206 1603 3267 suncti·

472 3308 605 3370 monium.
649 3308 857 3385 blasphemium
882 3310 991 3384 ingerit
1022 3308 1156 3384 religioni
1186 3327 1271 3385 quem
1308 3309 1412 3382 coluit,
1451 3308 1501 3384 qni
1527 3309 1603 3384 quod

542 3507 608 3564 181
626 3507 684 3565 cor.
704 3509 729 3574 l,
746 3508 789 3564 27.
892 3509 959 3564 241
978 3507 1038 3564 Cor.
1059 3507 1100 3574 10,
1119 3508 1161 3562 29.

544 3679 558 3730 1
576 3675 783 3746 esculentorum]
801 3677 951 3732 excolentes·
972 3677 995 3732 0
1114 3676 1258 3746 deprendis
1279 3677 1302 3732 0
1423 3677 1440 3731 2
1458 3677 1605 3732 suscitetur

474 3763 615 3832 ssepiuso
740 3763 860 3817 unionum
878 3763 913 3818 0¹
1040 3763 1056 3815 'l
1075 3762 1099 3814 is
1118 3778 1153 3816 ecc
1170 3779 1198 3816 es
1216 3762 1239 3817 0
1254 3779 1288 3816 oc
1306 3765 1325 3816 2
1451 3763 1468 3816 8
1484 3762 1612 3816 uinculis·

474 3848 598 3903 femineis
616 3864 633 3903 o
787 3848 820 3901 14
838 3847 994 3903 mutitatis
1012 3849 1041 3901 et
1057 3847 1215 3902 libidiniso
1363 3846 1397 3900 16
1415 3847 1517 3901 inuidit
1535 3847 1569 3902 0¹

475 3934 508 3989 ll
531 3937 657 3988 nentrum
684 3933 743 3990 Ge.
762 3934 779 3988 l»
797 3936 869 3989 Μ
1074 3930 1182 3988 incito
1391 3933 1423 3986 ut
1450 3946 1484 3986 cc
1511 3934 1605 3986 utrum

474 4019 548 4074 Oen.
566 4023 585 4074 2
687 4019 735 4089 qui
753 4034 788 4074 cc·
806 4035 886 4089 quem
904 4019 927 4074 O
942 4035 977 4074 os
996 4021 1017 4074 2
1125 4019 1160 4074 20
1177 4017 1235 4086 sed]
1254 4015 1300 4073 sod
1319 4032 1400 4088 quero
1419 4017 1505 4074 Oscd
1522 4031 1605 4088 quero

476 4120 538 4175 cop.
556 4120 591 4159 m.
609 4107 630 4158 2
783 4105 819 4159 22
836 4103 906 4175 quod
925 4105 955 4172 0,
973 4105 1021 4175 qui
1038 4104 1141 4160 illudo
1297 4103 1466 4174 coapostoli
1483 4119 1534 4158 om.
1553 4120 1570 4158 o

474 4189 510 4244 25
527 4204 576 4259 ego
598 4189 627 4254 0,
646 4205 745 4258 ergon
925 4191 961 4245 28
978 4189 1176 4260 blasphemium
1199 4189 1222 4244 0
1399 4187 1481 4244 coluit
1498 4189 1606 4258 scn'pes',

354 4315 359 4321 -
475 4277 591 4333 contulit
609 4275 639 4343 0,
656 4275 724 4332 colit
741 4275 884 4334 Poetelius
