<?xml version="1.0" encoding="UTF-8"?>
<!DOCTYPE html PUBLIC "-//W3C//DTD XHTML 1.0 Transitional//EN"
    "http://www.w3.org/TR/xhtml1/DTD/xhtml1-transitional.dtd">
<html xmlns="http://www.w3.org/1999/xhtml" xml:lang="en" lang="en">
 <head>
  <title>
</title>
<meta http-equiv="Content-Type" content="text/html;charset=utf-8" />
  <meta name='ocr-system' content='tesseract 3.04.00' />
  <meta name='ocr-capabilities' content='ocr_page ocr_carea ocr_par ocr_line ocrx_word'/>
</head>
<body>
  <div class='ocr_page' id='page_1' title='image "./sthascicaecilic02cyprgoog_0108.png"; bbox 0 0 4012 5056; ppageno 0'>
   <div class='ocr_carea' id='block_1_1' title="bbox 959 482 1576 556">
    <p class='ocr_par' dir='ltr' id='par_1_1' title="bbox 959 482 1576 556">
     <span class='ocr_line' id='line_1_1' title="bbox 959 482 1576 556; baseline 0.031 -19"><span class='ocrx_word' id='word_1_1' title='bbox 959 482 1049 539; x_wconf 79' lang='lat' dir='ltr'><strong>Vita</strong></span> <span class='ocrx_word' id='word_1_2' title='bbox 1476 505 1576 556; x_wconf 82' lang='lat' dir='ltr'><strong>xcvll</strong></span> 
     </span>
    </p>
   </div>
   <div class='ocr_carea' id='block_1_2' title="bbox 373 637 1604 3070">
    <p class='ocr_par' dir='ltr' id='par_1_2' title="bbox 428 637 1604 1032">
     <span class='ocr_line' id='line_1_2' title="bbox 475 637 1604 724; baseline 0.004 -20"><span class='ocrx_word' id='word_1_3' title='bbox 475 637 594 705; x_wconf 87' lang='lat' dir='ltr'><strong>Statim</strong></span> <span class='ocrx_word' id='word_1_4' title='bbox 631 637 765 723; x_wconf 88' lang='lat' dir='ltr'><strong>denique</strong></span> <span class='ocrx_word' id='word_1_5' title='bbox 799 654 855 723; x_wconf 94' lang='lat' dir='ltr'><strong>pro</strong></span> <span class='ocrx_word' id='word_1_6' title='bbox 890 637 1009 704; x_wconf 85' lang='lat' dir='ltr'><strong>talibus</strong></span> <span class='ocrx_word' id='word_1_7' title='bbox 1045 637 1169 704; x_wconf 91' lang='lat' dir='ltr'><strong>meritis</strong></span> <span class='ocrx_word' id='word_1_8' title='bbox 1206 640 1304 706; x_wconf 88' lang='lat' dir='ltr'><strong>etiam</strong></span> <span class='ocrx_word' id='word_1_9' title='bbox 1339 639 1604 724; x_wconf 74' lang='lat' dir='ltr'><strong>proscriptiones</strong></span> 
     </span>
     <span class='ocr_line' id='line_1_3' title="bbox 432 740 1574 826; baseline 0.002 -20"><span class='ocrx_word' id='word_1_10' title='bbox 432 740 567 826; x_wconf 80' lang='lat' dir='ltr'><strong>gloriam</strong></span> <span class='ocrx_word' id='word_1_11' title='bbox 590 741 772 807; x_wconf 80' lang='lat' dir='ltr'><strong>oomohutus</strong></span> <span class='ocrx_word' id='word_1_12' title='bbox 788 742 846 807; x_wconf 89' lang='lat' dir='ltr'><strong>est.</strong></span> <span class='ocrx_word' id='word_1_13' title='bbox 867 759 926 806; x_wconf 92' lang='lat' dir='ltr'><strong>nec</strong></span> <span class='ocrx_word' id='word_1_14' title='bbox 939 740 1025 806; x_wconf 90' lang='lat' dir='ltr'><strong>eninr</strong></span> <span class='ocrx_word' id='word_1_15' title='bbox 1039 741 1128 807; x_wconf 89' lang='lat' dir='ltr'><strong>aliud</strong></span> <span class='ocrx_word' id='word_1_16' title='bbox 1143 743 1317 824; x_wconf 72' lang='lat' dir='ltr'>oportebat,</span> <span class='ocrx_word' id='word_1_17' title='bbox 1339 761 1435 825; x_wconf 88' lang='lat' dir='ltr'><strong>quam</strong></span> <span class='ocrx_word' id='word_1_18' title='bbox 1450 743 1488 808; x_wconf 94' lang='lat' dir='ltr'><strong>ut</strong></span> <span class='ocrx_word' id='word_1_19' title='bbox 1501 761 1574 808; x_wconf 90' lang='lat' dir='ltr'><strong>eum</strong></span> 
     </span>
     <span class='ocr_line' id='line_1_4' title="bbox 432 829 1597 930; baseline 0.002 -22"><span class='ocrx_word' id='word_1_20' title='bbox 432 843 487 928; x_wconf 86' lang='lat' dir='ltr'><strong>qui</strong></span> <span class='ocrx_word' id='word_1_21' title='bbox 508 843 594 910; x_wconf 88' lang='lat' dir='ltr'><strong>intra</strong></span> <span class='ocrx_word' id='word_1_22' title='bbox 614 845 767 910; x_wconf 76' lang='lat' dir='ltr'><strong>secretam</strong></span> <span class='ocrx_word' id='word_1_23' title='bbox 787 841 995 910; x_wconf 87' lang='lat' dir='ltr'><strong>conscientiae</strong></span> <span class='ocrx_word' id='word_1_24' title='bbox 1014 842 1171 910; x_wconf 88' lang='lat' dir='ltr'><strong>latebram</strong></span> <span class='ocrx_word' id='word_1_25' title='bbox 1192 843 1356 930; x_wconf 88' lang='lat' dir='ltr'><strong>religionis</strong></span> <span class='ocrx_word' id='word_1_26' title='bbox 1371 845 1404 911; x_wconf 90' lang='lat' dir='ltr'><strong>et</strong></span> <span class='ocrx_word' id='word_1_27' title='bbox 1417 843 1491 911; x_wconf 88' lang='lat' dir='ltr'><strong>fidei</strong></span> <span class='ocrx_word' id='word_1_28' title='bbox 1505 844 1574 910; x_wconf 94' lang='lat' dir='ltr'><strong>toto</strong></span> <span class='ocrx_word' id='word_1_29' title='bbox 1592 829 1597 843; x_wconf 81' lang='grc'>’</span> 
     </span>
     <span class='ocr_line' id='line_1_5' title="bbox 428 943 1573 1032; baseline 0.003 -22"><span class='ocrx_word' id='word_1_30' title='bbox 428 945 546 1011; x_wconf 90' lang='lat' dir='ltr'><strong>honore</strong></span> <span class='ocrx_word' id='word_1_31' title='bbox 561 944 693 1011; x_wconf 88' lang='lat' dir='ltr'><strong>florebat</strong></span> <span class='ocrx_word' id='word_1_32' title='bbox 707 945 805 1011; x_wconf 89' lang='lat' dir='ltr'><strong>etiam</strong></span> <span class='ocrx_word' id='word_1_33' title='bbox 819 944 943 1029; x_wconf 91' lang='lat' dir='ltr'><strong>publice</strong></span> <span class='ocrx_word' id='word_1_34' title='bbox 958 943 1116 1011; x_wconf 86' lang='lat' dir='ltr'><strong>celebrata</strong></span> <span class='ocrx_word' id='word_1_35' title='bbox 1129 945 1301 1032; x_wconf 77' lang='lat' dir='ltr'><strong>gentilium</strong></span> <span class='ocrx_word' id='word_1_36' title='bbox 1314 946 1401 1013; x_wconf 84' lang='lat' dir='ltr'><strong>fama</strong></span> <span class='ocrx_word' id='word_1_37' title='bbox 1414 947 1573 1014; x_wconf 88' lang='lat' dir='ltr'><strong>titularet.</strong></span> 
     </span>
    </p>

    <p class='ocr_par' dir='ltr' id='par_1_3' title="bbox 373 1047 1576 3070">
     <span class='ocr_line' id='line_1_6' title="bbox 408 1047 1574 1133; baseline 0.007 -25"><span class='ocrx_word' id='word_1_38' title='bbox 408 1048 537 1133; x_wconf 75' lang='lat' dir='ltr'><strong>sponset</strong></span> <span class='ocrx_word' id='word_1_39' title='bbox 556 1047 684 1131; x_wconf 86' lang='lat' dir='ltr'><strong>quidem</strong></span> <span class='ocrx_word' id='word_1_40' title='bbox 703 1048 774 1113; x_wconf 90' lang='lat' dir='ltr'><strong>tum</strong></span> <span class='ocrx_word' id='word_1_41' title='bbox 793 1063 849 1131; x_wconf 90' lang='lat' dir='ltr'><strong>pro</strong></span> <span class='ocrx_word' id='word_1_42' title='bbox 870 1047 1040 1114; x_wconf 88' lang='lat' dir='ltr'><strong>uelocitate</strong></span> <span class='ocrx_word' id='word_1_43' title='bbox 1055 1067 1118 1131; x_wconf 92' lang='lat' dir='ltr'><strong>qua</strong></span> <span class='ocrx_word' id='word_1_44' title='bbox 1131 1065 1257 1133; x_wconf 80' lang='lat' dir='ltr'><strong>semper</strong></span> <span class='ocrx_word' id='word_1_45' title='bbox 1270 1049 1376 1114; x_wconf 90' lang='lat' dir='ltr'><strong>omnia</strong></span> <span class='ocrx_word' id='word_1_46' title='bbox 1389 1051 1574 1116; x_wconf 86' lang='lat' dir='ltr'><strong>consecutus</strong></span> 
     </span>
     <span class='ocr_line' id='line_1_7' title="bbox 430 1149 1575 1235; baseline 0 -18"><span class='ocrx_word' id='word_1_47' title='bbox 430 1153 479 1218; x_wconf 85' lang='lat' dir='ltr'><strong>ost</strong></span> <span class='ocrx_word' id='word_1_48' title='bbox 500 1151 597 1216; x_wconf 88' lang='lat' dir='ltr'><strong>otiam</strong></span> <span class='ocrx_word' id='word_1_49' title='bbox 617 1149 763 1234; x_wconf 74' lang='lat' dir='ltr'><strong>martyrii</strong></span> <span class='ocrx_word' id='word_1_50' title='bbox 784 1151 867 1216; x_wconf 90' lang='lat' dir='ltr'><strong>circa</strong></span> <span class='ocrx_word' id='word_1_51' title='bbox 886 1169 959 1216; x_wconf 92' lang='lat' dir='ltr'><strong>eum</strong></span> <span class='ocrx_word' id='word_1_52' title='bbox 980 1150 1089 1217; x_wconf 88' lang='lat' dir='ltr'><strong>debita</strong></span> <span class='ocrx_word' id='word_1_53' title='bbox 1109 1167 1222 1217; x_wconf 87' lang='lat' dir='ltr'><strong>corona</strong></span> <span class='ocrx_word' id='word_1_54' title='bbox 1240 1168 1414 1235; x_wconf 81' lang='lat' dir='ltr'><strong>properare,</strong></span> <span class='ocrx_word' id='word_1_55' title='bbox 1437 1151 1575 1217; x_wconf 82' lang='lat' dir='ltr'><strong>maxime</strong></span> 
     </span>
     <span class='ocr_line' id='line_1_8' title="bbox 430 1251 1575 1339; baseline 0.001 -19"><span class='ocrx_word' id='word_1_56' title='bbox 430 1273 504 1320; x_wconf 91' lang='lat' dir='ltr'><strong>cum</strong></span> <span class='ocrx_word' id='word_1_57' title='bbox 516 1255 549 1318; x_wconf 89' lang='lat' dir='ltr'><strong>ot</strong></span> <span class='ocrx_word' id='word_1_58' title='bbox 559 1251 720 1336; x_wconf 82' lang='lat' dir='ltr'><strong>suffragiis</strong></span> <span class='ocrx_word' id='word_1_59' title='bbox 735 1270 827 1336; x_wconf 80' lang='lat' dir='ltr'><strong>saepe</strong></span> <span class='ocrx_word' id='word_1_60' title='bbox 840 1251 986 1335; x_wconf 89' lang='lat' dir='ltr'><strong>repetitis</strong></span> <span class='ocrx_word' id='word_1_61' title='bbox 1001 1253 1042 1318; x_wconf 88' lang='lat' dir='ltr'><strong>ad</strong></span> <span class='ocrx_word' id='word_1_62' title='bbox 1057 1253 1181 1318; x_wconf 91' lang='lat' dir='ltr'><strong>leonem</strong></span> <span class='ocrx_word' id='word_1_63' title='bbox 1195 1253 1426 1336; x_wconf 73' lang='lat' dir='ltr'><strong>postularetur:</strong></span> <span class='ocrx_word' id='word_1_64' title='bbox 1439 1254 1504 1322; x_wconf 87' lang='lat' dir='ltr'><strong>nisi</strong></span> <span class='ocrx_word' id='word_1_65' title='bbox 1518 1274 1575 1339; x_wconf 89' lang='lat' dir='ltr'><strong>par</strong></span> 
     </span>
     <span class='ocr_line' id='line_1_9' title="bbox 433 1356 1576 1445; baseline -0.001 -20"><span class='ocrx_word' id='word_1_66' title='bbox 433 1375 541 1425; x_wconf 91' lang='lat' dir='ltr'><strong>omnes</strong></span> <span class='ocrx_word' id='word_1_67' title='bbox 561 1356 684 1424; x_wconf 88' lang='lat' dir='ltr'><strong>ordines</strong></span> <span class='ocrx_word' id='word_1_68' title='bbox 699 1358 872 1445; x_wconf 90' lang='lat' dir='ltr'><strong>gloriarum</strong></span> <span class='ocrx_word' id='word_1_69' title='bbox 885 1358 1113 1426; x_wconf 88' lang='lat' dir='ltr'><strong>transeundum</strong></span> <span class='ocrx_word' id='word_1_70' title='bbox 1127 1359 1179 1424; x_wconf 91' lang='lat' dir='ltr'><strong>illi</strong></span> <span class='ocrx_word' id='word_1_71' title='bbox 1194 1360 1278 1428; x_wconf 89' lang='lat' dir='ltr'><strong>esset</strong></span> <span class='ocrx_word' id='word_1_72' title='bbox 1291 1362 1325 1428; x_wconf 90' lang='lat' dir='ltr'><strong>et</strong></span> <span class='ocrx_word' id='word_1_73' title='bbox 1338 1361 1384 1427; x_wconf 91' lang='lat' dir='ltr'><strong>sic</strong></span> <span class='ocrx_word' id='word_1_74' title='bbox 1397 1361 1439 1426; x_wconf 88' lang='lat' dir='ltr'><strong>ad</strong></span> <span class='ocrx_word' id='word_1_75' title='bbox 1450 1377 1576 1426; x_wconf 91' lang='lat' dir='ltr'><strong>summa</strong></span> 
     </span>
     <span class='ocr_line' id='line_1_10' title="bbox 432 1459 1574 1547; baseline 0.001 -23"><span class='ocrx_word' id='word_1_76' title='bbox 432 1459 633 1539; x_wconf 84' lang='lat' dir='ltr'><strong>ueniendum,</strong></span> <span class='ocrx_word' id='word_1_77' title='bbox 656 1461 688 1526; x_wconf 92' lang='lat' dir='ltr'><strong>et</strong></span> <span class='ocrx_word' id='word_1_78' title='bbox 703 1461 763 1526; x_wconf 89' lang='lat' dir='ltr'><strong>nisi</strong></span> <span class='ocrx_word' id='word_1_79' title='bbox 784 1461 986 1527; x_wconf 86' lang='lat' dir='ltr'><strong>imminentes</strong></span> <span class='ocrx_word' id='word_1_80' title='bbox 1006 1460 1118 1528; x_wconf 89' lang='lat' dir='ltr'><strong>ruinae</strong></span> <span class='ocrx_word' id='word_1_81' title='bbox 1132 1479 1190 1547; x_wconf 91' lang='lat' dir='ltr'><strong>ope</strong></span> <span class='ocrx_word' id='word_1_82' title='bbox 1204 1463 1273 1529; x_wconf 90' lang='lat' dir='ltr'><strong>tam</strong></span> <span class='ocrx_word' id='word_1_83' title='bbox 1293 1463 1419 1530; x_wconf 83' lang='lat' dir='ltr'><strong>fecundi</strong></span> <span class='ocrx_word' id='word_1_84' title='bbox 1439 1461 1574 1546; x_wconf 85' lang='lat' dir='ltr'><strong>pectoris</strong></span> 
     </span>
     <span class='ocr_line' id='line_1_11' title="bbox 396 1562 1573 1652; baseline 0.006 -31"><span class='ocrx_word' id='word_1_85' title='bbox 396 1582 424 1622; x_wconf 84' lang='lat' dir='ltr'><strong>ro</strong></span> <span class='ocrx_word' id='word_1_86' title='bbox 432 1562 620 1648; x_wconf 87' lang='lat' dir='ltr'><strong>indigerent.</strong></span> <span class='ocrx_word' id='word_1_87' title='bbox 637 1563 721 1648; x_wconf 89' lang='lat' dir='ltr'><strong>finge</strong></span> <span class='ocrx_word' id='word_1_88' title='bbox 735 1563 819 1629; x_wconf 91' lang='lat' dir='ltr'><strong>euim</strong></span> <span class='ocrx_word' id='word_1_89' title='bbox 833 1564 911 1630; x_wconf 92' lang='lat' dir='ltr'><strong>tunc</strong></span> <span class='ocrx_word' id='word_1_90' title='bbox 920 1563 1015 1630; x_wconf 92' lang='lat' dir='ltr'><strong>illum</strong></span> <span class='ocrx_word' id='word_1_91' title='bbox 1024 1563 1172 1648; x_wconf 78' lang='lat' dir='ltr'><strong>martyrii</strong></span> <span class='ocrx_word' id='word_1_92' title='bbox 1181 1565 1363 1652; x_wconf 78' lang='lat' dir='ltr'><strong>dignatione</strong></span> <span class='ocrx_word' id='word_1_93' title='bbox 1373 1564 1573 1632; x_wconf 78' lang='lat' dir='ltr'><strong>trmslatum.</strong></span> 
     </span>
     <span class='ocr_line' id='line_1_12' title="bbox 431 1664 1574 1750; baseline 0.001 -22"><span class='ocrx_word' id='word_1_94' title='bbox 431 1665 503 1748; x_wconf 86' lang='lat' dir='ltr'><strong>quis</strong></span> <span class='ocrx_word' id='word_1_95' title='bbox 532 1664 780 1730; x_wconf 89' lang='lat' dir='ltr'><strong>emolamentum</strong></span> <span class='ocrx_word' id='word_1_96' title='bbox 806 1665 927 1750; x_wconf 70' lang='lat' dir='ltr'><strong>gratim</strong></span> <span class='ocrx_word' id='word_1_97' title='bbox 951 1683 1020 1747; x_wconf 24' lang='lat' dir='ltr'><strong>perr</strong></span> <span class='ocrx_word' id='word_1_98' title='bbox 1033 1665 1128 1730; x_wconf 89' lang='lat' dir='ltr'><strong>fidem</strong></span> <span class='ocrx_word' id='word_1_99' title='bbox 1153 1666 1346 1749; x_wconf 86' lang='lat' dir='ltr'><strong>proficientis</strong></span> <span class='ocrx_word' id='word_1_100' title='bbox 1371 1664 1574 1733; x_wconf 74' lang='lat' dir='ltr'><strong>ostenderet?</strong></span> 
     </span>
     <span class='ocr_line' id='line_1_13' title="bbox 431 1765 1574 1850; baseline 0.001 -19"><span class='ocrx_word' id='word_1_101' title='bbox 431 1767 502 1850; x_wconf 86' lang='lat' dir='ltr'><strong>quis</strong></span> <span class='ocrx_word' id='word_1_102' title='bbox 522 1765 664 1850; x_wconf 85' lang='lat' dir='ltr'><strong>uirgines</strong></span> <span class='ocrx_word' id='word_1_103' title='bbox 679 1765 719 1832; x_wconf 91' lang='lat' dir='ltr'><strong>ad</strong></span> <span class='ocrx_word' id='word_1_104' title='bbox 735 1767 957 1850; x_wconf 87' lang='lat' dir='ltr'><strong>congruentem</strong></span> <span class='ocrx_word' id='word_1_105' title='bbox 978 1765 1151 1848; x_wconf 87' lang='lat' dir='ltr'><strong>pudicitiae</strong></span> <span class='ocrx_word' id='word_1_106' title='bbox 1165 1767 1365 1850; x_wconf 79' lang='lat' dir='ltr'><strong>disciplinam</strong></span> <span class='ocrx_word' id='word_1_107' title='bbox 1380 1769 1412 1832; x_wconf 89' lang='lat' dir='ltr'><strong>et</strong></span> <span class='ocrx_word' id='word_1_108' title='bbox 1426 1767 1574 1833; x_wconf 91' lang='lat' dir='ltr'><strong>habitum</strong></span> 
     </span>
     <span class='ocr_line' id='line_1_14' title="bbox 431 1865 1574 1951; baseline 0.001 -17"><span class='ocrx_word' id='word_1_109' title='bbox 431 1867 638 1934; x_wconf 90' lang='lat' dir='ltr'><strong>sanctimonia</strong></span> <span class='ocrx_word' id='word_1_110' title='bbox 658 1865 791 1951; x_wconf 87' lang='lat' dir='ltr'><strong>dignum</strong></span> <span class='ocrx_word' id='word_1_111' title='bbox 811 1867 901 1932; x_wconf 90' lang='lat' dir='ltr'><strong>uelut</strong></span> <span class='ocrx_word' id='word_1_112' title='bbox 920 1867 1018 1932; x_wconf 87' lang='lat' dir='ltr'><strong>frenis</strong></span> <span class='ocrx_word' id='word_1_113' title='bbox 1033 1867 1224 1950; x_wconf 86' lang='lat' dir='ltr'><strong>quibusdam</strong></span> <span class='ocrx_word' id='word_1_114' title='bbox 1237 1868 1382 1936; x_wconf 88' lang='lat' dir='ltr'><strong>lectionis</strong></span> <span class='ocrx_word' id='word_1_115' title='bbox 1398 1869 1574 1935; x_wconf 89' lang='lat' dir='ltr'><strong>dominicae</strong></span> 
     </span>
     <span class='ocr_line' id='line_1_15' title="bbox 431 1969 1573 2054; baseline -0.001 -18"><span class='ocrx_word' id='word_1_116' title='bbox 431 1971 610 2036; x_wconf 89' lang='lat' dir='ltr'><strong>coerceret?</strong></span> <span class='ocrx_word' id='word_1_117' title='bbox 625 1969 695 2052; x_wconf 88' lang='lat' dir='ltr'><strong>quis</strong></span> <span class='ocrx_word' id='word_1_118' title='bbox 706 1969 830 2035; x_wconf 90' lang='lat' dir='ltr'><strong>doceret</strong></span> <span class='ocrx_word' id='word_1_119' title='bbox 839 1969 1068 2051; x_wconf 86' lang='lat' dir='ltr'><strong>paenitentiam</strong></span> <span class='ocrx_word' id='word_1_120' title='bbox 1077 1969 1194 2054; x_wconf 85' lang='lat' dir='ltr'><strong>lapsos,</strong></span> <span class='ocrx_word' id='word_1_121' title='bbox 1209 1970 1379 2037; x_wconf 83' lang='lat' dir='ltr'><strong>ueritatem</strong></span> <span class='ocrx_word' id='word_1_122' title='bbox 1390 1971 1573 2048; x_wconf 87' lang='lat' dir='ltr'><strong>haereticos,</strong></span> 
     </span>
     <span class='ocr_line' id='line_1_16' title="bbox 396 2071 1575 2158; baseline 0 -20"><span class='ocrx_word' id='word_1_123' title='bbox 396 2087 422 2129; x_wconf 72' lang='grc' dir='ltr'><strong>ιι</strong></span> <span class='ocrx_word' id='word_1_124' title='bbox 432 2071 649 2138; x_wconf 88' lang='lat' dir='ltr'><strong>schismaticos</strong></span> <span class='ocrx_word' id='word_1_125' title='bbox 674 2071 841 2148; x_wconf 83' lang='lat' dir='ltr'><strong>unitatem,</strong></span> <span class='ocrx_word' id='word_1_126' title='bbox 867 2071 949 2138; x_wconf 87' lang='lat' dir='ltr'><strong>filios</strong></span> <span class='ocrx_word' id='word_1_127' title='bbox 975 2071 1036 2136; x_wconf 91' lang='lat' dir='ltr'><strong>Dei</strong></span> <span class='ocrx_word' id='word_1_128' title='bbox 1061 2089 1170 2154; x_wconf 87' lang='lat' dir='ltr'><strong>pacem</strong></span> <span class='ocrx_word' id='word_1_129' title='bbox 1196 2074 1230 2138; x_wconf 90' lang='lat' dir='ltr'><strong>et</strong></span> <span class='ocrx_word' id='word_1_130' title='bbox 1250 2074 1449 2158; x_wconf 88' lang='lat' dir='ltr'><strong>eaaugohcae</strong></span> <span class='ocrx_word' id='word_1_131' title='bbox 1473 2071 1575 2157; x_wconf 87' lang='lat' dir='ltr'><strong>precis</strong></span> 
     </span>
     <span class='ocr_line' id='line_1_17' title="bbox 430 2171 1575 2257; baseline 0 -19"><span class='ocrx_word' id='word_1_132' title='bbox 430 2172 556 2257; x_wconf 90' lang='lat' dir='ltr'><strong>legem?</strong></span> <span class='ocrx_word' id='word_1_133' title='bbox 570 2191 627 2256; x_wconf 92' lang='lat' dir='ltr'><strong>per</strong></span> <span class='ocrx_word' id='word_1_134' title='bbox 640 2190 735 2254; x_wconf 88' lang='lat' dir='ltr'><strong>quem</strong></span> <span class='ocrx_word' id='word_1_135' title='bbox 749 2172 883 2256; x_wconf 87' lang='lat' dir='ltr'><strong>gentilos</strong></span> <span class='ocrx_word' id='word_1_136' title='bbox 897 2172 1076 2254; x_wconf 88' lang='lat' dir='ltr'><strong>blasphemi</strong></span> <span class='ocrx_word' id='word_1_137' title='bbox 1089 2171 1282 2253; x_wconf 89' lang='lat' dir='ltr'><strong>repercussis</strong></span> <span class='ocrx_word' id='word_1_138' title='bbox 1296 2172 1330 2237; x_wconf 93' lang='lat' dir='ltr'><strong>in</strong></span> <span class='ocrx_word' id='word_1_139' title='bbox 1341 2192 1376 2238; x_wconf 89' lang='lat' dir='ltr'><strong>so</strong></span> <span class='ocrx_word' id='word_1_140' title='bbox 1390 2191 1470 2256; x_wconf 88' lang='lat' dir='ltr'><strong>quae</strong></span> <span class='ocrx_word' id='word_1_141' title='bbox 1484 2172 1575 2239; x_wconf 90' lang='lat' dir='ltr'><strong>nobis</strong></span> 
     </span>
     <span class='ocr_line' id='line_1_18' title="bbox 430 2273 1576 2361; baseline 0.001 -21"><span class='ocrx_word' id='word_1_142' title='bbox 430 2273 580 2361; x_wconf 87' lang='lat' dir='ltr'><strong>ingerunt</strong></span> <span class='ocrx_word' id='word_1_143' title='bbox 598 2273 819 2340; x_wconf 79' lang='lat' dir='ltr'><strong>diruerentur?</strong></span> <span class='ocrx_word' id='word_1_144' title='bbox 841 2292 943 2356; x_wconf 93' lang='lat' dir='ltr'><strong>aquo</strong></span> <span class='ocrx_word' id='word_1_145' title='bbox 966 2273 1140 2340; x_wconf 78' lang='lat' dir='ltr'><strong>Ohnstiaui</strong></span> <span class='ocrx_word' id='word_1_146' title='bbox 1161 2274 1317 2341; x_wconf 90' lang='lat' dir='ltr'><strong>mollioris</strong></span> <span class='ocrx_word' id='word_1_147' title='bbox 1340 2274 1471 2341; x_wconf 81' lang='lat' dir='ltr'><strong>affectus</strong></span> <span class='ocrx_word' id='word_1_148' title='bbox 1493 2275 1576 2342; x_wconf 85' lang='lat' dir='ltr'><strong>circa</strong></span> 
     </span>
     <span class='ocr_line' id='line_1_19' title="bbox 373 2375 1575 2460; baseline -0.001 -17"><span class='ocrx_word' id='word_1_149' title='bbox 373 2385 377 2392; x_wconf 88' lang='lat'>&#39;</span> <span class='ocrx_word' id='word_1_150' title='bbox 431 2377 632 2443; x_wconf 74' lang='lat' dir='ltr'><strong>amissionum</strong></span> <span class='ocrx_word' id='word_1_151' title='bbox 657 2395 785 2442; x_wconf 88' lang='lat' dir='ltr'><strong>suorum</strong></span> <span class='ocrx_word' id='word_1_152' title='bbox 811 2377 877 2454; x_wconf 86' lang='lat' dir='ltr'><strong>aut,</strong></span> <span class='ocrx_word' id='word_1_153' title='bbox 903 2377 986 2458; x_wconf 88' lang='lat' dir='ltr'><strong>quod</strong></span> <span class='ocrx_word' id='word_1_154' title='bbox 1011 2375 1117 2460; x_wconf 87' lang='lat' dir='ltr'><strong>magis</strong></span> <span class='ocrx_word' id='word_1_155' title='bbox 1143 2377 1201 2454; x_wconf 79' lang='lat' dir='ltr'><strong>est,</strong></span> <span class='ocrx_word' id='word_1_156' title='bbox 1227 2375 1301 2442; x_wconf 92' lang='lat' dir='ltr'><strong>lidei</strong></span> <span class='ocrx_word' id='word_1_157' title='bbox 1327 2377 1480 2459; x_wconf 88' lang='lat' dir='ltr'><strong>parnioris</strong></span> <span class='ocrx_word' id='word_1_158' title='bbox 1502 2394 1575 2442; x_wconf 90' lang='lat' dir='ltr'><strong>oon·</strong></span> 
     </span>
     <span class='ocr_line' id='line_1_20' title="bbox 430 2473 1575 2562; baseline 0.002 -20"><span class='ocrx_word' id='word_1_159' title='bbox 430 2477 607 2543; x_wconf 86' lang='lat' dir='ltr'><strong>solarentur</strong></span> <span class='ocrx_word' id='word_1_160' title='bbox 622 2495 677 2560; x_wconf 91' lang='lat' dir='ltr'><strong>spe</strong></span> <span class='ocrx_word' id='word_1_161' title='bbox 691 2475 892 2544; x_wconf 82' lang='lat' dir='ltr'><strong>futurorum?</strong></span> <span class='ocrx_word' id='word_1_162' title='bbox 910 2473 998 2543; x_wconf 88' lang='lat' dir='ltr'><strong>&#39;unde</strong></span> <span class='ocrx_word' id='word_1_163' title='bbox 1012 2477 1059 2544; x_wconf 88' lang='lat' dir='ltr'><strong>sic</strong></span> <span class='ocrx_word' id='word_1_164' title='bbox 1072 2477 1331 2557; x_wconf 86' lang='lat' dir='ltr'><strong>misericordiam,</strong></span> <span class='ocrx_word' id='word_1_165' title='bbox 1354 2477 1436 2544; x_wconf 91' lang='lat' dir='ltr'><strong>uude</strong></span> <span class='ocrx_word' id='word_1_166' title='bbox 1449 2479 1575 2562; x_wconf 89' lang='lat' dir='ltr'><strong>patien-</strong></span> 
     </span>
     <span class='ocr_line' id='line_1_21' title="bbox 395 2579 1576 2664; baseline 0.004 -24"><span class='ocrx_word' id='word_1_167' title='bbox 395 2596 422 2640; x_wconf 70' lang='grc' dir='ltr'><strong><em>ω</em></strong></span> <span class='ocrx_word' id='word_1_168' title='bbox 431 2581 512 2645; x_wconf 90' lang='lat' dir='ltr'><strong>tiam</strong></span> <span class='ocrx_word' id='word_1_169' title='bbox 531 2581 744 2645; x_wconf 79' lang='lat' dir='ltr'><strong>disceremus?</strong></span> <span class='ocrx_word' id='word_1_170' title='bbox 764 2581 835 2662; x_wconf 88' lang='lat' dir='ltr'><strong>quis</strong></span> <span class='ocrx_word' id='word_1_171' title='bbox 848 2579 984 2645; x_wconf 87' lang='lat' dir='ltr'><strong>liuorem</strong></span> <span class='ocrx_word' id='word_1_172' title='bbox 999 2580 1038 2645; x_wconf 90' lang='lat' dir='ltr'><strong>de</strong></span> <span class='ocrx_word' id='word_1_173' title='bbox 1053 2581 1208 2646; x_wconf 80' lang='lat' dir='ltr'><strong>neumata</strong></span> <span class='ocrx_word' id='word_1_174' title='bbox 1222 2580 1360 2646; x_wconf 91' lang='lat' dir='ltr'><strong>inuidiae</strong></span> <span class='ocrx_word' id='word_1_175' title='bbox 1374 2579 1576 2664; x_wconf 87' lang='lat' dir='ltr'><strong>malignitate</strong></span> 
     </span>
     <span class='ocr_line' id='line_1_22' title="bbox 430 2679 1575 2764; baseline 0 -17"><span class='ocrx_word' id='word_1_176' title='bbox 430 2681 609 2747; x_wconf 89' lang='lat' dir='ltr'><strong>uenientem</strong></span> <span class='ocrx_word' id='word_1_177' title='bbox 631 2679 795 2746; x_wconf 88' lang='lat' dir='ltr'><strong>dulcedine</strong></span> <span class='ocrx_word' id='word_1_178' title='bbox 815 2680 948 2747; x_wconf 90' lang='lat' dir='ltr'><strong>remedii</strong></span> <span class='ocrx_word' id='word_1_179' title='bbox 967 2681 1118 2747; x_wconf 87' lang='lat' dir='ltr'><strong>salutaris</strong></span> <span class='ocrx_word' id='word_1_180' title='bbox 1134 2680 1314 2748; x_wconf 78' lang='lat' dir='ltr'><strong>inhiberet?</strong></span> <span class='ocrx_word' id='word_1_181' title='bbox 1335 2683 1405 2764; x_wconf 89' lang='lat' dir='ltr'><strong>quis</strong></span> <span class='ocrx_word' id='word_1_182' title='bbox 1421 2683 1575 2764; x_wconf 79' lang='lat' dir='ltr'><strong>martyres</strong></span> 
     </span>
     <span class='ocr_line' id='line_1_23' title="bbox 428 2783 1576 2868; baseline -0.003 -17"><span class='ocrx_word' id='word_1_183' title='bbox 428 2785 537 2851; x_wconf 90' lang='lat' dir='ltr'><strong>tantos</strong></span> <span class='ocrx_word' id='word_1_184' title='bbox 560 2783 773 2849; x_wconf 84' lang='lat' dir='ltr'><strong>exhortatione</strong></span> <span class='ocrx_word' id='word_1_185' title='bbox 794 2783 898 2848; x_wconf 89' lang='lat' dir='ltr'><strong>diuini</strong></span> <span class='ocrx_word' id='word_1_186' title='bbox 918 2783 1072 2849; x_wconf 82' lang='lat' dir='ltr'><strong>sermonis</strong></span> <span class='ocrx_word' id='word_1_187' title='bbox 1098 2783 1254 2868; x_wconf 86' lang='lat' dir='ltr'><strong>erigeret?</strong></span> <span class='ocrx_word' id='word_1_188' title='bbox 1278 2785 1348 2866; x_wconf 89' lang='lat' dir='ltr'><strong>quis</strong></span> <span class='ocrx_word' id='word_1_189' title='bbox 1371 2785 1504 2866; x_wconf 89' lang='lat' dir='ltr'><strong>deniquo</strong></span> <span class='ocrx_word' id='word_1_190' title='bbox 1525 2784 1576 2849; x_wconf 91' lang='lat' dir='ltr'><strong>tot</strong></span> 
     </span>
     <span class='ocr_line' id='line_1_24' title="bbox 431 2884 1576 2970; baseline -0.002 -18"><span class='ocrx_word' id='word_1_191' title='bbox 431 2885 620 2953; x_wconf 81' lang='lat' dir='ltr'><strong>confessores</strong></span> <span class='ocrx_word' id='word_1_192' title='bbox 643 2885 795 2950; x_wconf 79' lang='lat' dir='ltr'><strong>frontium</strong></span> <span class='ocrx_word' id='word_1_193' title='bbox 814 2885 997 2952; x_wconf 87' lang='lat' dir='ltr'><strong>notatarum</strong></span> <span class='ocrx_word' id='word_1_194' title='bbox 1017 2886 1153 2950; x_wconf 87' lang='lat' dir='ltr'><strong>secunda</strong></span> <span class='ocrx_word' id='word_1_195' title='bbox 1166 2884 1370 2968; x_wconf 89' lang='lat' dir='ltr'><strong>inscriptione</strong></span> <span class='ocrx_word' id='word_1_196' title='bbox 1384 2885 1527 2970; x_wconf 90' lang='lat' dir='ltr'><strong>signatos</strong></span> <span class='ocrx_word' id='word_1_197' title='bbox 1542 2886 1576 2951; x_wconf 91' lang='lat' dir='ltr'><strong>et</strong></span> 
     </span>
     <span class='ocr_line' id='line_1_25' title="bbox 430 2985 1575 3070; baseline -0.002 -18"><span class='ocrx_word' id='word_1_198' title='bbox 430 2986 471 3052; x_wconf 91' lang='lat' dir='ltr'><strong>ad</strong></span> <span class='ocrx_word' id='word_1_199' title='bbox 497 2987 677 3070; x_wconf 90' lang='lat' dir='ltr'><strong>exemplum</strong></span> <span class='ocrx_word' id='word_1_200' title='bbox 707 2986 852 3070; x_wconf 78' lang='lat' dir='ltr'><strong>martyrii</strong></span> <span class='ocrx_word' id='word_1_201' title='bbox 881 2985 1070 3069; x_wconf 89' lang='lat' dir='ltr'><strong>superstites</strong></span> <span class='ocrx_word' id='word_1_202' title='bbox 1099 2986 1273 3051; x_wconf 86' lang='lat' dir='ltr'><strong>reseruatos</strong></span> <span class='ocrx_word' id='word_1_203' title='bbox 1297 2985 1456 3052; x_wconf 90' lang='lat' dir='ltr'><strong>incentiuo</strong></span> <span class='ocrx_word' id='word_1_204' title='bbox 1480 2985 1575 3051; x_wconf 89' lang='lat' dir='ltr'><strong>tubae</strong></span> 
     </span>
    </p>
   </div>
   <div class='ocr_carea' id='block_1_3' title="bbox 386 3206 1579 4572">
    <p class='ocr_par' dir='ltr' id='par_1_4' title="bbox 386 3206 1579 4475">
     <span class='ocr_line' id='line_1_26' title="bbox 482 3206 1576 3276; baseline -0.003 -12"><span class='ocrx_word' id='word_1_205' title='bbox 482 3206 667 3264; x_wconf 86' lang='lat' dir='ltr'><strong>3intrain1&#39;</strong></span> <span class='ocrx_word' id='word_1_206' title='bbox 768 3208 903 3276; x_wconf 64' lang='lat' dir='ltr'><strong>aememp</strong></span> <span class='ocrx_word' id='word_1_207' title='bbox 1002 3206 1136 3261; x_wconf 79' lang='lat' dir='ltr'><strong>otoraT</strong></span> <span class='ocrx_word' id='word_1_208' title='bbox 1237 3206 1430 3276; x_wconf 87' lang='lat' dir='ltr'><strong>5potnisseto</strong></span> <span class='ocrx_word' id='word_1_209' title='bbox 1509 3207 1576 3261; x_wconf 85' lang='lat' dir='ltr'><strong>tuuc</strong></span> 
     </span>
     <span class='ocr_line' id='line_1_27' title="bbox 429 3291 1576 3364; baseline 0 -16"><span class='ocrx_word' id='word_1_210' title='bbox 429 3309 493 3364; x_wconf 76' lang='lat' dir='ltr'><strong>copo</strong></span> <span class='ocrx_word' id='word_1_211' title='bbox 562 3291 671 3360; x_wconf 78' lang='lat' dir='ltr'><strong>teirral</strong></span> <span class='ocrx_word' id='word_1_212' title='bbox 684 3294 793 3346; x_wconf 76' lang='lat' dir='ltr'><strong>certato</strong></span> <span class='ocrx_word' id='word_1_213' title='bbox 860 3291 961 3360; x_wconf 77' lang='lat' dir='ltr'><strong>icum]</strong></span> <span class='ocrx_word' id='word_1_214' title='bbox 974 3306 1080 3345; x_wconf 89' lang='lat' dir='ltr'><strong>mecum</strong></span> <span class='ocrx_word' id='word_1_215' title='bbox 1093 3291 1119 3345; x_wconf 77' lang='grc' dir='ltr'><em>Τ</em></span> <span class='ocrx_word' id='word_1_216' title='bbox 1186 3294 1323 3361; x_wconf 84' lang='lat' dir='ltr'><strong>separatur</strong></span> <span class='ocrx_word' id='word_1_217' title='bbox 1336 3293 1505 3362; x_wconf 80' lang='lat' dir='ltr'><strong>T(repotitis</strong></span> <span class='ocrx_word' id='word_1_218' title='bbox 1520 3328 1576 3354; x_wconf 82' lang='lat'>...‚</span> 
     </span>
     <span class='ocr_line' id='line_1_28' title="bbox 430 3376 1579 3449; baseline -0.002 -16"><span class='ocrx_word' id='word_1_219' title='bbox 430 3379 570 3449; x_wconf 84' lang='lat' dir='ltr'><strong>postulare</strong></span> <span class='ocrx_word' id='word_1_220' title='bbox 581 3383 645 3444; x_wconf 85' lang='lat' dir='ltr'><strong>om.)</strong></span> <span class='ocrx_word' id='word_1_221' title='bbox 731 3376 866 3432; x_wconf 82' lang='lat' dir='ltr'><strong>etuieiT</strong></span> <span class='ocrx_word' id='word_1_222' title='bbox 956 3376 1131 3430; x_wconf 73' lang='lat' dir='ltr'><strong>llilliooarc</strong></span> <span class='ocrx_word' id='word_1_223' title='bbox 1225 3376 1427 3431; x_wconf 74' lang='lat' dir='ltr'><strong>tinimiuentis</strong></span> <span class='ocrx_word' id='word_1_224' title='bbox 1439 3378 1538 3431; x_wconf 86' lang='lat' dir='ltr'><strong>ruinae</strong></span> <span class='ocrx_word' id='word_1_225' title='bbox 1552 3377 1579 3431; x_wconf 79' lang='grc' dir='ltr'><em>Τ</em></span> 
     </span>
     <span class='ocr_line' id='line_1_29' title="bbox 430 3459 1542 3532; baseline -0.002 -14"><span class='ocrx_word' id='word_1_226' title='bbox 430 3463 744 3532; x_wconf 75' lang='lat' dir='ltr'><strong>immincnnruinawpo</strong></span> <span class='ocrx_word' id='word_1_227' title='bbox 873 3460 929 3516; x_wconf 84' lang='lat' dir='ltr'><strong>iam</strong></span> <span class='ocrx_word' id='word_1_228' title='bbox 943 3461 970 3516; x_wconf 75' lang='grc' dir='ltr'><em>Τ</em></span> <span class='ocrx_word' id='word_1_229' title='bbox 1101 3459 1136 3516; x_wconf 92' lang='lat'><strong>10</strong></span> <span class='ocrx_word' id='word_1_230' title='bbox 1147 3459 1271 3530; x_wconf 86' lang='lat' dir='ltr'><strong>indigere</strong></span> <span class='ocrx_word' id='word_1_231' title='bbox 1285 3461 1318 3528; x_wconf 79' lang='grc' dir='ltr'><strong>Τ,</strong></span> <span class='ocrx_word' id='word_1_232' title='bbox 1331 3460 1467 3532; x_wconf 86' lang='lat' dir='ltr'><strong>indigeret</strong></span> <span class='ocrx_word' id='word_1_233' title='bbox 1477 3477 1542 3532; x_wconf 76' lang='lat' dir='ltr'><strong>copo</strong></span> 
     </span>
     <span class='ocr_line' id='line_1_30' title="bbox 430 3545 1541 3618; baseline -0.004 -14"><span class='ocrx_word' id='word_1_234' title='bbox 430 3550 610 3604; x_wconf 82' lang='lat' dir='ltr'><strong>translatione</strong></span> <span class='ocrx_word' id='word_1_235' title='bbox 622 3549 803 3618; x_wconf 80' lang='lat' dir='ltr'><strong>dignaturum</strong></span> <span class='ocrx_word' id='word_1_236' title='bbox 896 3548 930 3601; x_wconf 95' lang='lat'><strong>11</strong></span> <span class='ocrx_word' id='word_1_237' title='bbox 944 3547 1016 3616; x_wconf 85' lang='lat' dir='ltr'><strong>quia]</strong></span> <span class='ocrx_word' id='word_1_238' title='bbox 1029 3546 1077 3616; x_wconf 91' lang='lat' dir='ltr'><strong>qui</strong></span> <span class='ocrx_word' id='word_1_239' title='bbox 1090 3561 1119 3600; x_wconf 89' lang='lat' dir='ltr'><strong>se</strong></span> <span class='ocrx_word' id='word_1_240' title='bbox 1133 3547 1163 3611; x_wconf 78' lang='lat' dir='ltr'><strong>T,</strong></span> <span class='ocrx_word' id='word_1_241' title='bbox 1176 3546 1248 3614; x_wconf 89' lang='lat' dir='ltr'><strong>quod</strong></span> <span class='ocrx_word' id='word_1_242' title='bbox 1259 3562 1305 3614; x_wconf 77' lang='lat' dir='ltr'><strong>cop</strong></span> <span class='ocrx_word' id='word_1_243' title='bbox 1397 3545 1541 3616; x_wconf 74' lang='lat' dir='ltr'><strong>profldep</strong></span> 
     </span>
     <span class='ocr_line' id='line_1_31' title="bbox 431 3630 1576 3702; baseline -0.005 -11"><span class='ocrx_word' id='word_1_244' title='bbox 431 3635 607 3690; x_wconf 74' lang='lat' dir='ltr'><strong>ostenderem</strong></span> <span class='ocrx_word' id='word_1_245' title='bbox 726 3633 965 3702; x_wconf 63' lang='lat' dir='ltr'><strong>aeruginatum</strong></span> <span class='ocrx_word' id='word_1_246' title='bbox 1088 3631 1268 3701; x_wconf 80' lang='lat' dir='ltr'><strong>disciplinew</strong></span> <span class='ocrx_word' id='word_1_247' title='bbox 1389 3631 1423 3686; x_wconf 84' lang='lat'><strong>13</strong></span> <span class='ocrx_word' id='word_1_248' title='bbox 1435 3630 1576 3700; x_wconf 89' lang='lat' dir='ltr'><strong>dominici]</strong></span> 
     </span>
     <span class='ocr_line' id='line_1_32' title="bbox 386 3705 1576 3786; baseline -0.008 -8"><span class='ocrx_word' id='word_1_249' title='bbox 386 3705 522 3778; x_wconf 63' lang='lat' dir='ltr'><strong>mr</strong></span> <span class='ocrx_word' id='word_1_250' title='bbox 605 3721 642 3775; x_wconf 81' lang='lat'><strong>14</strong></span> <span class='ocrx_word' id='word_1_251' title='bbox 651 3718 840 3775; x_wconf 67' lang='lat' dir='ltr'><strong>ausones</strong></span> <span class='ocrx_word' id='word_1_252' title='bbox 924 3717 959 3772; x_wconf 79' lang='lat'><strong>15</strong></span> <span class='ocrx_word' id='word_1_253' title='bbox 971 3717 1045 3772; x_wconf 69' lang='lat' dir='ltr'><strong>suun</strong></span> <span class='ocrx_word' id='word_1_254' title='bbox 1057 3717 1095 3772; x_wconf 63' lang='grc' dir='ltr'><strong>φ’</strong></span> <span class='ocrx_word' id='word_1_255' title='bbox 1184 3715 1437 3786; x_wconf 74' lang='lat' dir='ltr'><strong>reompnenno</strong></span> <span class='ocrx_word' id='word_1_256' title='bbox 1517 3731 1576 3785; x_wconf 69' lang='lat' dir='ltr'><strong>pe-</strong></span> 
     </span>
     <span class='ocr_line' id='line_1_33' title="bbox 432 3800 1575 3877; baseline -0.008 -15"><span class='ocrx_word' id='word_1_257' title='bbox 432 3807 504 3862; x_wconf 80' lang='lat' dir='ltr'><strong>cassi</strong></span> <span class='ocrx_word' id='word_1_258' title='bbox 514 3823 561 3877; x_wconf 74' lang='lat' dir='ltr'><strong>cop</strong></span> <span class='ocrx_word' id='word_1_259' title='bbox 630 3805 808 3874; x_wconf 85' lang='lat' dir='ltr'><strong>insa]inhis</strong></span> <span class='ocrx_word' id='word_1_260' title='bbox 819 3803 1036 3874; x_wconf 51' lang='lat' dir='ltr'><strong>coniunctior</strong></span> <span class='ocrx_word' id='word_1_261' title='bbox 1110 3801 1367 3872; x_wconf 76' lang='lat' dir='ltr'><strong>qnaeJquaataT</strong></span> <span class='ocrx_word' id='word_1_262' title='bbox 1438 3800 1471 3855; x_wconf 76' lang='lat'><strong>1?</strong></span> <span class='ocrx_word' id='word_1_263' title='bbox 1483 3800 1575 3854; x_wconf 83' lang='lat' dir='ltr'><strong>uince·</strong></span> 
     </span>
     <span class='ocr_line' id='line_1_34' title="bbox 431 3885 1577 3960; baseline -0.007 -14"><span class='ocrx_word' id='word_1_264' title='bbox 431 3892 546 3947; x_wconf 78' lang='lat' dir='ltr'><strong>returl&#39;</strong></span> <span class='ocrx_word' id='word_1_265' title='bbox 645 3889 786 3960; x_wconf 88' lang='lat' dir='ltr'><strong>mollioris]</strong></span> <span class='ocrx_word' id='word_1_266' title='bbox 798 3889 923 3945; x_wconf 82' lang='lat' dir='ltr'><strong>meliores</strong></span> <span class='ocrx_word' id='word_1_267' title='bbox 937 3889 987 3944; x_wconf 76' lang='lat' dir='ltr'><strong>Teo</strong></span> <span class='ocrx_word' id='word_1_268' title='bbox 1092 3885 1367 3942; x_wconf 67' lang='lat' dir='ltr'><strong>lacunariorum</strong></span> <span class='ocrx_word' id='word_1_269' title='bbox 1466 3899 1577 3939; x_wconf 88' lang='lat' dir='ltr'><strong>suorum</strong></span> 
     </span>
     <span class='ocr_line' id='line_1_35' title="bbox 432 3970 1545 4047; baseline -0.009 -13"><span class='ocrx_word' id='word_1_270' title='bbox 432 3993 481 4034; x_wconf 74' lang='lat' dir='ltr'><strong>ona</strong></span> <span class='ocrx_word' id='word_1_271' title='bbox 495 3993 521 4032; x_wconf 78' lang='lat' dir='ltr'><strong>ao</strong></span> <span class='ocrx_word' id='word_1_272' title='bbox 606 3976 736 4047; x_wconf 87' lang='lat' dir='ltr'><strong>peruioris</strong></span> <span class='ocrx_word' id='word_1_273' title='bbox 749 3992 783 4040; x_wconf 80' lang='lat' dir='ltr'><strong>so,</strong></span> <span class='ocrx_word' id='word_1_274' title='bbox 794 3992 856 4045; x_wconf 86' lang='lat' dir='ltr'><strong>pare</strong></span> <span class='ocrx_word' id='word_1_275' title='bbox 869 3973 939 4030; x_wconf 85' lang='lat' dir='ltr'><strong>iuris</strong></span> <span class='ocrx_word' id='word_1_276' title='bbox 954 3977 980 4030; x_wconf 81' lang='lat' dir='ltr'><em>T</em></span> <span class='ocrx_word' id='word_1_277' title='bbox 1065 3971 1249 4027; x_wconf 79' lang='lat' dir='ltr'><strong>consolaretur</strong></span> <span class='ocrx_word' id='word_1_278' title='bbox 1260 3990 1290 4041; x_wconf 82' lang='grc' dir='ltr'><strong>μ,</strong></span> <span class='ocrx_word' id='word_1_279' title='bbox 1302 3971 1506 4026; x_wconf 83' lang='lat' dir='ltr'><strong>consularentur</strong></span> <span class='ocrx_word' id='word_1_280' title='bbox 1518 3970 1545 4024; x_wconf 82' lang='grc'><strong>1·</strong></span> 
     </span>
     <span class='ocr_line' id='line_1_36' title="bbox 432 4054 1544 4134; baseline -0.007 -18"><span class='ocrx_word' id='word_1_281' title='bbox 432 4063 467 4119; x_wconf 85' lang='lat'><strong>19</strong></span> <span class='ocrx_word' id='word_1_282' title='bbox 478 4063 536 4134; x_wconf 84' lang='lat' dir='ltr'><strong>spa]</strong></span> <span class='ocrx_word' id='word_1_283' title='bbox 549 4077 660 4132; x_wconf 81' lang='lat' dir='ltr'><strong>saepap</strong></span> <span class='ocrx_word' id='word_1_284' title='bbox 755 4062 866 4130; x_wconf 75' lang='lat' dir='ltr'><strong>sicetp</strong></span> <span class='ocrx_word' id='word_1_285' title='bbox 964 4057 1129 4127; x_wconf 77' lang='lat' dir='ltr'><strong>undeorap</strong></span> <span class='ocrx_word' id='word_1_286' title='bbox 1226 4055 1504 4127; x_wconf 85' lang='lat' dir='ltr'><strong>pationtiam]paoem</strong></span> <span class='ocrx_word' id='word_1_287' title='bbox 1517 4054 1544 4108; x_wconf 82' lang='grc'><strong>1·</strong></span> 
     </span>
     <span class='ocr_line' id='line_1_37' title="bbox 432 4139 1576 4216; baseline -0.006 -14"><span class='ocrx_word' id='word_1_288' title='bbox 432 4147 616 4203; x_wconf 64' lang='lat' dir='ltr'><strong>honeratam</strong></span> <span class='ocrx_word' id='word_1_289' title='bbox 719 4145 923 4216; x_wconf 82' lang='lat' dir='ltr'><strong>malignitatem</strong></span> <span class='ocrx_word' id='word_1_290' title='bbox 937 4145 964 4200; x_wconf 81' lang='grc' dir='ltr'><em>Τ</em></span> <span class='ocrx_word' id='word_1_291' title='bbox 1064 4141 1282 4198; x_wconf 79' lang='lat' dir='ltr'><strong>a1dnloedinom</strong></span> <span class='ocrx_word' id='word_1_292' title='bbox 1297 4143 1346 4198; x_wconf 75' lang='lat' dir='ltr'><strong>Tro</strong></span> <span class='ocrx_word' id='word_1_293' title='bbox 1449 4139 1576 4196; x_wconf 80' lang='lat' dir='ltr'><strong>remediis</strong></span> 
     </span>
     <span class='ocr_line' id='line_1_38' title="bbox 434 4227 1542 4308; baseline -0.008 -20"><span class='ocrx_word' id='word_1_294' title='bbox 434 4231 580 4288; x_wconf 78' lang='lat' dir='ltr'><strong>salutarem</strong></span> <span class='ocrx_word' id='word_1_295' title='bbox 597 4233 702 4301; x_wconf 80' lang='lat' dir='ltr'><strong>T(aoa</strong></span> <span class='ocrx_word' id='word_1_296' title='bbox 712 4233 737 4300; x_wconf 84' lang='lat' dir='ltr'><strong>t)</strong></span> <span class='ocrx_word' id='word_1_297' title='bbox 870 4229 1009 4286; x_wconf 84' lang='lat' dir='ltr'><strong>exhiberet</strong></span> <span class='ocrx_word' id='word_1_298' title='bbox 1023 4230 1054 4293; x_wconf 80' lang='grc' dir='ltr'><strong>Τ,</strong></span> <span class='ocrx_word' id='word_1_299' title='bbox 1067 4227 1246 4308; x_wconf 75' lang='lat' dir='ltr'><strong>imbiheretp</strong></span> <span class='ocrx_word' id='word_1_300' title='bbox 1373 4228 1542 4296; x_wconf 76' lang='lat' dir='ltr'><strong>martyraep</strong></span> 
     </span>
     <span class='ocr_line' id='line_1_39' title="bbox 436 4305 1543 4385; baseline -0.006 -12"><span class='ocrx_word' id='word_1_301' title='bbox 436 4305 676 4374; x_wconf 65' lang='lat' dir='ltr'><strong>camerimnus?</strong></span> <span class='ocrx_word' id='word_1_302' title='bbox 810 4315 1220 4385; x_wconf 67' lang='lat' dir='ltr'><strong>itiortiumuontantornmp</strong></span> <span class='ocrx_word' id='word_1_303' title='bbox 1358 4311 1503 4383; x_wconf 88' lang='lat' dir='ltr'><strong>scriptione</strong></span> <span class='ocrx_word' id='word_1_304' title='bbox 1516 4312 1543 4367; x_wconf 80' lang='lat' dir='ltr'><em>T</em></span> 
     </span>
     <span class='ocr_line' id='line_1_40' title="bbox 434 4400 1186 4475; baseline -0.007 -15"><span class='ocrx_word' id='word_1_305' title='bbox 434 4404 561 4475; x_wconf 79' lang='lat' dir='ltr'><strong>signatus</strong></span> <span class='ocrx_word' id='word_1_306' title='bbox 574 4405 608 4470; x_wconf 83' lang='lat' dir='ltr'><strong>T,</strong></span> <span class='ocrx_word' id='word_1_307' title='bbox 619 4403 772 4474; x_wconf 88' lang='lat' dir='ltr'><strong>insignatos</strong></span> <span class='ocrx_word' id='word_1_308' title='bbox 782 4419 808 4457; x_wconf 83' lang='lat' dir='ltr'><em>w</em></span> <span class='ocrx_word' id='word_1_309' title='bbox 911 4401 947 4458; x_wconf 74' lang='lat'><strong>24</strong></span> <span class='ocrx_word' id='word_1_310' title='bbox 958 4400 1114 4472; x_wconf 84' lang='lat' dir='ltr'><strong>superstitis</strong></span> <span class='ocrx_word' id='word_1_311' title='bbox 1129 4401 1186 4471; x_wconf 79' lang='grc' dir='ltr'><strong>Τμ·</strong></span> 
     </span>
    </p>

    <p class='ocr_par' dir='ltr' id='par_1_5' title="bbox 537 4504 1368 4572">
     <span class='ocr_line' id='line_1_41' title="bbox 537 4504 1368 4572; baseline -0.006 5"><span class='ocrx_word' id='word_1_312' title='bbox 537 4509 589 4558; x_wconf 88' lang='lat'>111·</span> <span class='ocrx_word' id='word_1_313' title='bbox 1346 4504 1368 4572; x_wconf 81' lang='lat' dir='ltr'><strong>a</strong></span> 
     </span>
    </p>
   </div>
   <div class='ocr_carea' id='block_1_4' title="bbox 0 0 2019 5056">
    <p class='ocr_par' dir='ltr' id='par_1_6' title="bbox 0 0 2019 5056">
     <span class='ocr_line' id='line_1_42' title="bbox 0 0 2019 5056; baseline 0 0"><span class='ocrx_word' id='word_1_314' title='bbox 0 0 2019 5056; x_wconf 95' lang='lat' dir='ltr'><strong> </strong></span> 
     </span>
    </p>
   </div>
  </div>
 </body>
</html>
