4012 5056
1529 483 1601 532 CXV

1536 635 1600 690 pag.

479 715 503 782 4
525 714 696 801 Cyprianus
707 713 861 781 Caecilius
877 711 1110 796 ..Pomponia
1124 705 1276 798 Legimus
1286 713 1410 780 litteras
1421 715 1492 780 tuas

601 822 1224 907 iratarcarisaimaquasperPaoonium
1261 871 1491 890 .....
1534 823 1601 890 472

478 938 501 1006 5
522 936 696 1022 Cyprianus
720 935 913 1021 presbyteris
938 937 971 1000 81
996 933 1195 1001 diaconibus:
1221 933 1330 1002 Saluto
1355 954 1413 1002 uos
1438 935 1489 1002 iu·

605 1046 737 1114 columis
779 1092 1487 1112 ..............
1534 1045 1599 1112 478

401 1183 404 1190 ’
477 1159 498 1226 6
524 1156 695 1243 Cyprianus
710 1155 818 1241 Sergio
832 1159 865 1222 et
878 1154 1073 1240 Regaliano:
1093 1153 1204 1222 Saluto
1225 1173 1281 1222 nos
1295 1155 1318 1222 f.
1335 1175 1361 1224 c.
1378 1157 1489 1240 optans
1532 1155 1600 1224 480

478 1271 498 1334 7
521 1267 693 1354 Cyprianus
707 1265 897 1352 presbyteris
906 1267 942 1330 et
952 1265 1152 1332 diaconibus:
1167 1263 1277 1332 Saluto
1291 1285 1349 1334 uos
1359 1266 1382 1332 i.
1394 1285 1420 1332 c.
1430 1285 1487 1350 per
1531 1267 1599 1334 484

480 1380 501 1447 8
567 1383 583 1446 9
627 1382 643 1444 9
687 1376 888 1446 :Didieimus
936 1423 1487 1444 ...........
1532 1377 1600 1444 485

478 1492 500 1558 9
521 1489 695 1574 Cyprianus
716 1485 911 1572 presbyteris
930 1487 964 1552 et
986 1485 1170 1571 diaconibus
1190 1485 1323 1554 Romae:
1347 1486 1427 1554 Cum
1449 1488 1489 1553 de

603 1616 728 1666 mcessu
777 1644 1487 1665 ..............
1532 1597 1598 1664 488

456 1711 500 1778 10
520 1709 692 1796 Cyprianus
706 1708 900 1792 martyribus
916 1709 949 1774 81
964 1706 1207 1774 confessoribus:
1222 1709 1337 1774 Exulto
1349 1708 1483 1774 188188.
1530 1707 1599 1774 490

456 1821 496 1888 11
511 1819 684 1906 Cyprianus
698 1818 890 1904 presbyteris
905 1819 939 1884 81
953 1818 1154 1885 diaconibus:
1176 1816 1375 1902 Quamquam
1389 1819 1488 1884 sciam

602 1931 624 1996 i.
643 1949 669 1998 c.
685 1947 740 2014 pro
779 1976 1486 1995 ..............
1530 1925 1597 1994 495

456 2041 497 2107 12
519 2038 693 2125 Cyprianus
706 2037 896 2124 presbyteris
912 2039 945 2104 et
959 2037 1157 2104 diaconibus:
1177 2036 1376 2122 Quamquam
1390 2038 1488 2104 edam

599 2167 655 2217 uos
714 2195 1485 2217 ...............
1531 2149 1597 2217 502

456 2261 498 2326 13
520 2258 691 2345 Cyprianus
703 2259 878 2346 Bogutiana
892 2260 1092 2344 presbytero:
1107 2259 1152 2325 21
1164 2259 1229 2326 iam
1244 2259 1367 2343 pridem
1422 2307 1431 2323 .
1477 2307 1484 2322 .
1530 2257 1597 2325 504

456 2371 499 2438 14
520 2369 693 2456 Cyprianus
708 2370 899 2456 presbyteris
915 2371 948 2437 et
962 2370 1117 2437 diaconis:
1133 2368 1323 2454 Optaueram
1370 2419 1376 2435 .
1421 2420 1429 2436 .
1475 2421 1482 2436 .
1529 2370 1595 2439 509

454 2481 497 2548 15
519 2479 692 2565 Cyprianus
707 2481 898 2566 martyribus
913 2484 946 2546 et
962 2481 1206 2548 confessoribus:
1225 2479 1411 2548 Sollicitudo
1476 2531 1483 2546 .
1528 2482 1596 2549 513

455 2591 496 2657 16
519 2589 692 2674 Cyprianus
706 2589 898 2675 presbyteris
913 2593 946 2656 et
960 2590 1117 2657 diaconis:
1134 2590 1198 2656 Diu
1213 2591 1399 2673 patientiam
1409 2589 1428 2656 '.
1475 2639 1483 2656 .
1526 2590 1592 2658 517

454 2701 496 2766 17
518 2699 690 2785 Cyprianus
705 2700 855 2766 canibus
870 2699 905 2766 in
918 2700 1026 2782 plebe:
1041 2700 1258 2784 Ingemescere
1313 2750 1321 2766 .
1367 2749 1375 2766 .
1422 2749 1430 2765 .
1476 2750 1483 2766 .
1530 2701 1593 2768 521

453 2811 496 2877 18
517 2810 690 2896 Cyprianus
703 2810 893 2895 presbyteris
908 2811 942 2876 et
955 2811 1154 2877 diaconibus:
1169 2810 1269 2877 Miror
1312 2859 1319 2876 .
1366 2861 1373 2876 .
1420 2859 1429 2874 .
1474 2859 1482 2875 .
1529 2811 1596 2879 523

455 2921 496 2988 19
518 2919 692 3005 Cyprianus
700 2919 890 3004 presbyteris
897 2921 930 2986 et
937 2919 1225 3006 diaconibuszlrsgi
1233 2921 1357 3003 litteras
1365 2923 1487 2986 8881888

599 3030 621 3095 i.
638 3029 793 3112 aquibus
827 3076 1484 3097 .............
1530 3029 1598 3096 525

454 3139 500 3207 20
521 3138 695 3225 Cyprianus
713 3138 905 3225 presbyteris
928 3143 961 3206 81
976 3140 1159 3207 diaconibus
1174 3140 1308 3206 Romae:
1331 3138 1486 3222 Quoniam

600 3251 723 3336 conpari
772 3298 1485 3316 ..............
1530 3250 1595 3318 527

379 3403 416 3444 ,,,
453 3359 495 3426 21
519 3358 678 3426 Celemnae
691 3359 845 3426 Lucisne:
861 3359 948 3426 Haec
962 3378 1035 3426 cum
1051 3360 1113 3424 tibi
1154 3407 1484 3427 .......
1529 3361 1596 3428 529

453 3471 496 3536 22
517 3459 674 3537 humanius
685 3467 842 3536 Celerina:
857 3469 974 3552 Accepi
988 3469 1115 3536 litteras
1127 3470 1337 3536 tussdomine
1368 3520 1375 3536 .
1423 3521 1430 3535 .
1478 3519 1485 3533 .
1530 3471 1599 3538 533

452 3582 501 3648 23-
518 3579 666 3647 Vniuersi
680 3579 868 3646 confessores
883 3579 1054 3663 Cypriane:
1070 3579 1228 3646 Scissum
1263 3627 1485 3646 .....
1530 3579 1596 3647 536

452 3691 496 3756 24
518 3689 686 3757 Caldonins
701 3689 870 3775 Cypriane:
885 3689 1066 3757 Necessitas
1080 3690 1231 3774 temporis
1261 3737 1484 3755 .....
1530 3689 1595 3756 536

454 3799 498 3867 25
519 3799 691 3884 Cyprianus
706 3797 870 3866 Caldonio:
887 3801 1077 3884 Accepimus
1091 3799 1216 3867 litteras
1261 3846 1485 3866 .....
1530 3799 1594 3866 538

453 3911 497 3978 26
519 3909 692 3996 Cyprianus
705 3911 896 3995 presbyteris
912 3911 945 3977 81
958 3909 1158 3976 diaconibus:
1178 3910 1332 3975 Dominus
1346 3908 1487 3992 loquitur
1529 3909 1596 3978 539

453 4022 495 4090 27
520 4021 692 4108 Cyprianus
712 4022 903 4106 presbyteris
924 4024 957 4088 81
942 4022 1154 4088 tdiaconibus
1169 4021 1300 4087 Romae:
1322 4019 1430 4087 Factis
1446 4022 1487 4086 ad

599 4149 657 4200 uos
671 4132 787 4200 litteris
803 4131 868 4220 (ael
882 4131 961 4198 Post
975 4133 1101 4199 188188.
1117 4129 1216 4218 .)..
1477 4133 1597 4198 .540

453 4241 499 4311 28
521 4241 692 4329 Cyprianus
706 4244 808 4330 Moysi
823 4244 1008 4312 etliaximo
1027 4243 1234 4330 presbyteris:
1255 4180 1397 4309 Clarium
1412 4180 1486 4309 fidei
1530 4243 1597 4310 545
1740 4224 1744 4236 ’

1335 4345 1388 4411 h*
