4012 5066
725 403 774 458 Ad
800 403 1030 458 Nonetiannm
1053 419 1074 457 e
1094 405 1169 458 1-1.
1473 409 1517 476 53

377 563 484 633 antem,
511 562 618 622 tratres
641 561 832 635 dileetissimi,
861 577 918 621 non
939 563 1054 621 nnoueet
1074 564 1125 621 eut
1143 562 1242 622 turbet
1263 562 1402 624 haeretiei
1427 561 1515 623 istius

378 663 480 738 perfidi
505 664 629 739 abrupta
651 663 812 737 dementia,
835 664 885 739 qni
911 682 974 724 onnr
995 664 1026 724 in
1052 667 1111 724 tarn
1138 664 1250 740 ingenti
1275 665 1463 726 dissensionis
1486 670 1518 726 et

380 764 545 825 schismatis
565 766 606 825 sit
625 764 744 826 erimine
765 767 941 826 eonstitntns
954 770 985 826 et
999 766 1036 825 ab
1057 765 1180 826 eoelesia
1194 770 1353 842 separatus,
1375 767 1519 843 eenriloge

380 867 541 926 tomeritate
567 885 624 926 non
649 866 763 928 dubitet
777 867 808 926 in
830 884 882 928 nos
895 885 950 927 sun
975 867 1097 927 erimina
1111 871 1285 942 retorquere.
1308 886 1373 930 enm
1387 869 1429 928 sit
1442 869 1519 930 eninr

359 985 399 1028 sa
413 970 503 1028 semet
513 969 575 1042 ipso
586 986 663 1029 nune
672 969 767 1029 faetus
779 969 943 1042 inmundus,
960 969 1093 1030 sordibus
1107 969 1258 1044 seorilogis
1272 969 1450 1045 inquinatus,
1465 971 1521 1032 hoo

382 1088 456 1132 nuno
481 1089 534 1132 nos
560 1089 624 1133 osse
650 1073 805 1134 eontendit
829 1076 859 1133 et
885 1090 949 1134 oum
975 1073 1114 1148 seriptum
1140 1073 1180 1133 sit
1203 1090 1288 1134 osnes
1309 1073 1387 1134 iores
1408 1091 1519 1135 reman-

382 1190 464 1234 suros
489 1177 520 1233 et
542 1174 689 1247 apostolus
714 1174 768 1234 hos
790 1176 906 1234 eosdem
932 1192 1018 1234 osnes
1043 1175 1173 1235 doonerit
1197 1190 1261 1235 esse
1275 1175 1419 1248 dandos,
1445 1177 1522 1237 dont

383 1274 521 1351 legimus,
547 1275 589 1335 eit
614 1275 706 1337 enirn:
730 1277 855 1337 uidete
879 1293 1006 1349 onnes,
1033 1277 1158 1336 uidete
1183 1276 1298 1337 melos
1322 1278 1521 1352 operarios,

384 1377 493 1437 rabiem
506 1395 588 1437 snam
603 1394 659 1437 non
674 1381 770 1438 oesset
784 1377 940 1438 latrntibns
955 1377 1090 1451 excitare,
1107 1378 1238 1452 lnporum
1249 1394 1326 1438 more
1340 1379 1521 1440 tenebrosam

350 1478 538 1555 roealiginem
563 1483 676 1555 optare,
703 1498 761 1556 qne
785 1480 871 1540 faeile
897 1480 991 1555 possit
1016 1481 1111 1540 terina
1136 1497 1190 1541 sne
1214 1479 1385 1543 erudelitate
1410 1498 1480 1542 onos
1506 1499 1525 1541 a

384 1584 498 1656 pastore
520 1583 646 1657 direptos
667 1583 805 1657 spelunea
827 1582 980 1642 tenebrosa
1000 1572 1120 1642 laniare'.
1144 1599 1246 1643 aurum
1261 1584 1338 1643 nerto
1353 1599 1384 1642 se
1399 1599 1523 1656 suosque

385 1701 457 1757 qnos
478 1683 590 1758 eolligit
612 1701 675 1746 esse
697 1684 874 1758 pronuntiet.
897 1702 950 1744 neo
965 1700 1018 1744 noe
1033 1684 1198 1744 dubitamus
1212 1686 1373 1744 desertores
1387 1683 1525 1744 eunies

386 1786 533 1858 apostatas
548 1783 639 1846 foetos
654 1785 686 1845 in
700 1801 801 1845 eurum
816 1803 893 1846 nuno
906 1784 994 1845 feoiie
1009 1785 1138 1859 potuisse
1153 1785 1297 1859 oonuerti,
1317 1787 1368 1846 sod
1383 1784 1457 1846 illud
1472 1802 1525 1845 eu·

387 1905 450 1947 rum
465 1888 495 1948 in
510 1904 566 1961 quo
590 1887 684 1963 prime
706 1887 812 1949 deliote
832 1889 931 1962 populi
951 1888 1043 1948 Israel
1059 1890 1195 1948 donohta
1209 1890 1288 1948 sunt.
1311 1889 1439 1947 oeternrn
1454 1903 1527 1946 nasa

353 2005 474 2050 esanrea
503 1991 533 2050 et
561 1991 698 2064 agonen
728 2005 801 2064 quae
830 1990 867 2050 eh
897 1989 1051 2065 Aegyptiis
1080 2006 1200 2050 exeusse
1229 1989 1355 2049 suntin
1386 1988 1528 2050 dominiee

389 2091 532 2164 potestate
558 2091 587 2152 id
613 2095 660 2152 ost
686 2091 795 2152 Christi
820 2091 942 2151 eoeleste
968 2095 1170 2165 perseuerant:
1194 2091 1225 2149 in
1250 2108 1307 2166 qua
1322 2092 1404 2151 domo
1418 2091 1445 2149 si
1459 2106 1527 2164 per·

389 2207 561 2252 sonerasses.
583 2193 753 2265 Nonetiane,
774 2192 966 2276 nestorsiton
982 2196 1012 2253 et
1036 2193 1193 2267 pretiosum
1217 2191 1335 2264 fuisses,
1361 2192 1437 2267 qnod
1450 2209 1529 2251 nune

392 2293 439 2369 [tol
454 2294 484 2353 in
505 2293 603 2367 paleas
618 2297 647 2355 et
661 2296 692 2354 in
707 2294 845 2369 stipulam
860 2313 1030 2356 conuersum
1046 2311 1099 2355 neo
1112 2295 1260 2368 intellegis
1275 2311 1328 2355 neo
1341 2295 1468 2369 plangis.

436 2395 511 2465 Quid
525 2395 616 2471 igitur
631 2397 713 2456 nanis
727 2398 813 2457 robus
828 2397 998 2458 extolleris?
1014 2397 1119 2456 &mna
1129 2397 1322 2470 potiusquam
1334 2397 1415 2457 luere
1426 2401 1559 2461 erese

353 2498 495 2571 monens.
520 2496 589 2570 qnid
612 2501 641 2556 te
662 2514 697 2556 ex
719 2515 774 2571 qno
795 2499 950 2572 pauperior
972 2497 1067 2557 taetus
1081 2513 1113 2556 es
1134 2497 1255 2558 diuitm
1275 2499 1391 2558 orodis?
1415 2496 1484 2558 endi
1498 2497 1530 2556 in

389 2597 545 2676 Apoealysi
566 2597 736 2659 domininon
762 2614 861 2658 nooem
886 2598 973 2658 iustis
993 2601 1023 2657 te
1043 2598 1293 2673 obiurgationibus
1319 2598 1527 2673 rumpentem,

389 2700 503 2774 diois,
537 2701 647 2775 inquit,
681 2700 786 2762 diues
817 2718 892 2761 sunu
915 2704 951 2761 st
974 2701 1117 2762 ditatus
1139 2719 1219 2761 sum
1241 2704 1276 2761 et
1303 2701 1448 2761 nulline
1476 2700 1530 2761 rei

390 2817 492 2876 egeo:
526 2804 561 2862 et
588 2803 712 2864 neseis
746 2803 919 2876 qnoniam
949 2804 991 2861 tu
1020 2820 1057 2864 es
1089 2803 1203 2863 miser
1225 2805 1262 2863 et
1295 2800 1530 2863 miserabilis

388 2905 427 2965 et
448 2920 574 2965 oaeous
597 2907 632 2964 et
654 2921 792 2978 pauper
814 2908 850 2964 et
872 2907 999 2964 nndns.
1033 2905 1088 2964 has
1109 2920 1187 2978 opes,
1203 2902 1530 2977 hesdinitiaspanper·

352 3025 379 3067 es
388 3005 460 3066 tatis
474 3021 526 3079 pro
540 3007 618 3066 oerto
633 3005 779 3080 possidere
794 3023 826 3066 se
842 3007 949 3078 erodet,
974 3005 1098 3082 quinquo
1119 3005 1229 3066 Christi
1251 3005 1371 3066 eoeleste
1392 3003 1531 3066 dereliota

387 3107 498 3170 ratione
521 3124 606 3168 ooeoe
628 3108 704 3181 apud
719 3107 889 3168 temerarios
904 3107 973 3167 illos
987 3107 1179 3168 sohismetnrn
1194 3111 1281 3169 dnoes
1296 3109 1326 3168 ot
1340 3106 1531 3166 dissensionis

493 3355 670 3426 esposse
689 3355 730 3410 15.
790 3391 797 3422 p
826 3354 937 3414 8Phil.
956 3357 981 3423 3,
1000 3357 1024 3412 ⁶2.
1118 3357 1153 3411 22
1171 3358 1254 3427 Apoe
1273 3355 1299 3421 ³,
1317 3356 1358 3409 1‘1.
1389 3425 1391 3430 Ι

456 3593 781 3665 tintamlterninK
876 3592 1135 3649 3eohisrneteoiK
1228 3590 1530 3660 sithioodde'dtpost

386 3683 560 3752 mperatnso
686 3680 704 3736 4
721 3681 750 3734 in
768 3696 821 3737 om.
839 3681 873 3736 K
997 3679 1015 3734 5
1031 3679 1176 3749 esoriiogns
1195 3679 1228 3734 K
1345 3678 1362 3732 6
1379 3675 1529 3747 oontsndit]

388 3765 563 3822 eontendente
581 3767 615 3822 K
723 3767 771 3836 sit]
791 3768 833 3820 est
851 3764 884 3819 K
1011 3762 1111 3818 forise
1147 3785 1149 3790 ’
1221 3764 1239 3818 9
1256 3761 1346 3817 rabies
1365 3775 1414 3814 sne
1431 3760 1466 3816 K

387 3855 494 3907 oessant
511 3852 543 3907 K
646 3852 680 3906 10
697 3852 760 3922 qna]
779 3867 861 3920 qnam
880 3849 913 3904 K
1013 3849 1119 3918 possint
1136 3846 1169 3902 K
1271 3847 1304 3901 11
1321 3860 1435 3915 suosque
1449 3846 1530 3916 qnos]

387 3937 521 4008 snoeqnod
538 3952 605 4007 qnos
622 3937 656 3992 K
734 3937 768 3991 1³
785 3935 865 3991 illurn
882 3936 916 3991 K
997 3935 1030 3989 15
1047 3933 1172 4003 aegyptis
1191 3931 1226 3987 K
1302 3945 1411 3986 exensu
1428 3930 1466 3994 K,
1484 3947 1530 3984 ex·

386 4039 451 4077 ensa
466 4041 496 4088 o;
513 4023 549 4089 ef.
568 4023 625 4077 Bor.
643 4025 688 4089 12,
705 4025 748 4078 35.
766 4025 810 4078 36.
950 4022 979 4074 in
997 4037 1050 4076 osse
1068 4018 1101 4074 K
1233 4017 1266 4072 16
1283 4015 1411 4071 eeclesias
1428 4015 1462 4070 K

387 4107 420 4161 1⁷
438 4107 509 4177 qnod
521 4108 559 4174 K,
577 4107 624 4164 sed
641 4109 782 4162 Erosmo
858 4107 892 4162 18
909 4107 995 4177 puteis
1008 4104 1042 4159 K
1108 4105 1142 4160 19
1160 4102 1234 4174 qnid}
1253 4103 1301 4171 qni
1313 4101 1347 4156 K
1411 4099 1448 4156 20
1465 4099 1532 4156 endi

386 4209 440 4263 qno
458 4193 491 4249 K
495 4213 506 4262 ,·
520 4194 587 4262 sort.
606 4192 669 4249 audi
687 4208 793 4263 qnoque
896 4191 930 4246 21
949 4191 1084 4246 dominica
1101 4205 1165 4245 nooe
1183 4187 1216 4244 K
1315 4186 1351 4242 22
1368 4186 1450 4245 dietis
1463 4184 1497 4242 K
1525 4246 1530 4255 ,

384 4279 420 4335 15
440 4280 562 4349 quisquis
581 4279 640 4335 K‘o
744 4277 838 4334 delioti
856 4277 889 4332 K
989 4277 1024 4330 26
1041 4277 1208 4330 aehomatnnr
1227 4289 1263 4329 aa
1280 4272 1444 4329 sohimetnm
1462 4270 1497 4328 K
