4012 5066
485 423 526 484 54
957 418 1142 487 Appendix.

487 575 618 633 auotores
640 573 769 634 oonuerti
783 589 841 634 non
859 573 1002 649 trepidat:
1025 592 1098 649 quos
1118 576 1261 636 Iohannes
1275 576 1463 636 autiohristos
1477 576 1615 651 appellet,

487 692 559 748 quos
585 673 763 748 euangelista
787 675 880 750 paleis
902 676 1022 748 similat,
1049 693 1121 751 quos
1135 678 1274 738 Dominus
1288 678 1421 738 Christus
1436 678 1515 738 dures
1529 681 1559 737 et
1571 677 1617 737 la-

487 779 585 838 trones
606 771 749 858 designat,
778 777 854 838 siout
873 778 936 853 ipse
950 779 981 838 in
1007 779 1158 854 euangelio
1173 781 1300 841 deelarat
1314 779 1426 840 diosus:
1450 781 1535 854 quia
1555 780 1617 854 qui

486 897 555 940 non
577 880 730 940 introiit
752 897 813 955 per
835 881 969 941 ostium
990 879 1028 941 in
1050 883 1212 942 chortem
1234 883 1369 954 ouium,
1392 884 1616 942 saddesoen·

486 981 542 1040 dit
569 998 632 1055 per
660 981 815 1043 alteram
842 985 997 1055 partem,
1030 981 1098 1042 ille
1128 984 1188 1042 fur
1217 987 1253 1043 et
1274 985 1372 1044 latro
1395 987 1459 1043 oet
1491 984 1560 1042 item
1583 984 1635 1044 ins

487 1085 586 1144 eodem
607 1099 720 1170 quoque
741 1084 799 1144 ait:
834 1101 954 1146 omnes
984 1084 1046 1160 qui
1073 1089 1256 1147 uenerunt
1277 1087 1378 1146 tures
1400 1088 1486 1145 sunt
1508 1088 1544 1146 et
1564 1085 1616 1145 la·

485 1188 621 1245 trenes.
646 1185 695 1260 qui
709 1186 759 1246 isti
774 1190 851 1258 sunt,
867 1185 922 1246 nisi
937 1188 1098 1247 desertores
1112 1183 1179 1246 ddsi
1194 1188 1224 1246 et
1238 1191 1465 1262 transgressores
1480 1186 1617 1248 ecelesiae

485 1287 554 1360 Dei,
588 1287 637 1362 qni
663 1289 763 1348 eontra
786 1288 993 1349 ordinationem
1018 1287 1072 1348 Dei
1098 1289 1250 1349 nituntur?
1274 1306 1344 1364 quos
1370 1288 1471 1348 merito
1496 1287 1616 1362 spiritus

486 1393 669 1463 sanotusper
683 1391 849 1464 prophetam
869 1392 998 1466 inorepat
1016 1392 1129 1452 duem:
1153 1392 1305 1452 desistis
1326 1390 1526 1451 eonsilium
1546 1407 1616 1451 uon

486 1507 550 1565 per
570 1507 637 1564 me,
669 1493 706 1550 et
735 1491 1002 1565 rogitationem
1023 1508 1093 1551 nou
1114 1509 1178 1566 per
1200 1493 1376 1566 spiritum
1397 1509 1524 1564 meum,
1558 1492 1651 1551 eud-ro

487 1591 585 1653 ioere
607 1595 760 1666 peooata
781 1610 889 1667 snper
910 1596 1071 1668 peooata.
1103 1595 1173 1668 quid
1194 1596 1231 1655 ad
1253 1595 1311 1654 ista
1338 1594 1526 1666 respondeant
1550 1611 1616 1667 per·

488 1694 646 1754 uersissimi
662 1695 713 1754 isti
732 1695 888 1756 Nouatiani
903 1695 951 1756 uel
966 1713 1043 1755 nuno
1057 1697 1250 1758 intelioissimi
1264 1698 1366 1770 peuoi:
1389 1697 1438 1769 qui
1453 1697 1489 1756 ad
1505 1697 1615 1756 mntem

488 1795 594 1856 furoris
620 1795 793 1856 dementiam
817 1799 1009 1871 proruperunt
1023 1800 1058 1856 ut
1072 1813 1124 1857 neo
1138 1797 1197 1858 Deo
1213 1815 1265 1858 neo
1294 1797 1400 1858 homini
1425 1798 1615 1857 reuerentiam

487 1899 662 1959 habuerint?
685 1897 747 1957 illio
760 1897 929 1972 inpudenter
944 1903 973 1958 et
988 1899 1050 1958 sine
1065 1899 1126 1959 nlla
1140 1899 1329 1958 ordinationis
1350 1894 1414 1971 lege
1436 1899 1616 1973 episcopatus

486 2000 643 2073 adpetitur,
666 1998 714 2058 hio
734 2001 801 2059 dum
823 1999 949 2074 propriis
970 2000 1087 2060 sedibus
1102 2004 1132 2060 et
1146 2001 1298 2060 oathedrne
1313 1999 1370 2060 sibi
1384 1999 1507 2060 traditum
1523 2001 1615 2060 aueo
1626 2022 1651 2062 rs

486 2101 679 2163 renuntietur.
712 2101 773 2161 illio
798 2103 922 2162 ueritus:
952 2104 1201 2176 aspernentur
1223 2119 1290 2173 me,
1324 2104 1364 2160 ut
1392 2101 1615 2161 saoriiioent

487 2202 576 2263 mihi
599 2218 662 2262 neo
684 2203 849 2263 offerunt
877 2203 1087 2263 oblationes
1120 2205 1271 2262 sanotae
1298 2201 1466 2262 tiliorum
1493 2202 1615 2260 Israel

489 2320 557 2363 neo
579 2305 759 2363 eooedunt
780 2304 919 2364 offerre
942 2307 1070 2363 saneta
1092 2307 1317 2374 sauctorum,
1347 2303 1409 2361 sed
1431 2303 1616 2376 eooipient

485 2403 725 2478 ignominiam
757 2420 856 2463 suem
889 2405 925 2464 in
958 2421 1080 2464 errore
1113 2421 1182 2479 quo
1216 2406 1446 2464 errauerunt.
1482 2403 1554 2462 setis
1576 2405 1616 2462 sit

485 2505 587 2579 pauoie
612 2505 748 2578 probasse
775 2505 910 2579 quidnam
925 2507 994 2566 siut
1017 2508 1114 2566 audite
1135 2506 1235 2580 igitur,
1258 2505 1422 2576 Nouatiaui,
1449 2506 1527 2579 apud
1541 2523 1651 2580 quoseo

486 2607 645 2681 scripturae
661 2607 800 2666 oeeleetes
814 2608 950 2682 leguntur
964 2607 1061 2682 potius
1077 2624 1163 2681 quam
1177 2607 1395 2682 intelleguntur,
1411 2607 1507 2680 palam
1528 2608 1616 2667 etiam

486 2739 528 2773 e·
543 2709 568 2768 ei
584 2725 639 2767 non
655 2708 871 2782 interpolentur.
895 2712 962 2768 sunt
976 2709 1052 2768 enirn
1067 2713 1182 2768 uestm
1197 2709 1362 2783 praeclusae
1383 2725 1466 2767 eures
1486 2711 1516 2768 et
1530 2709 1616 2768 eorda

486 2813 611 2882 masau,
638 2810 687 2884 qui
707 2809 817 2870 nullum
833 2811 867 2870 de
888 2811 1067 2885 spiritalibus
1082 2827 1117 2871 ao
1131 2809 1306 2871 salutaribus
1321 2809 1438 2870 monitis
1452 2811 1546 2869 lumen
1562 2811 1614 2869 ed·

486 2912 613 2972 mittitis.
637 2911 712 2972 siout
727 2911 829 2972 Esaias
843 2913 901 2972 ait:
923 2912 1114 2972 exoeeoeti
1137 2915 1223 2971 sunt
1244 2911 1345 2970 serui
1369 2911 1441 2971 Dei.
1464 2914 1494 2970 et
1514 2912 1615 2971 merito

485 3013 639 3086 exonerati,
666 3013 734 3087 quia
758 3013 893 3073 uoluntas
920 3013 1166 3073 sohiematioornm
1191 3031 1248 3074 non
1275 3016 1320 3074 eet
1340 3014 1370 3072 in
1393 3013 1458 3085 lego
1480 3029 1553 3086 qnae
1568 3009 1650 3072 lexas

484 3132 572 3174 unam
586 3114 671 3175 nobis
685 3118 715 3175 ot
729 3115 904 3190 singularem
918 3115 1051 3190 designet
1066 3115 1226 3187 eooleetrm,
1242 3115 1272 3174 iu
1284 3114 1337 3174 illa
1351 3113 1460 3172 soilioet
1474 3129 1546 3186 quae
1561 3113 1616 3172 sub

587 3328 765 3394 310.10,1.
835 3329 906 3383 610.
927 3329 969 3394 10,
986 3329 1012 3383 8.
1083 3329 1160 3386 eus.
1181 3329 1267 3395 80,1.
1340 3330 1372 3384 16
1389 3330 1434 3385 En.
1452 3331 1496 3395 44,
1515 3330 1555 3385 10.
1574 3331 1616 3384 13.

484 3415 520 3469 22
536 3414 571 3469 of.
591 3414 690 3469 Matth.
710 3413 751 3479 18,
770 3413 811 3490 14.
913 3415 948 3469 14
964 3413 1009 3468 Es.
1027 3413 1070 3478 41,
1089 3415 1129 3470 19.

555 3600 571 3653 1
589 3600 749 3654 antemimos
767 3599 798 3653 K
877 3599 895 3654 1
911 3601 1009 3669 paeleie
1027 3600 1139 3654 simulet
1157 3601 1216 3656 Κ1
1234 3615 1303 3656 eene.
1381 3601 1534 3655 dhostium
1552 3601 1584 3656 K

485 3687 578 3742 ehorte
590 3685 628 3750 K,
639 3685 710 3739 onile
722 3685 803 3740 Eae
853 3686 970 3742 domnae
982 3685 1030 3754 qui
1042 3685 1075 3740 K
1083 3701 1104 3740 e.
1118 3686 1136 3742 t.
1149 3688 1217 3740 Μ
1270 3686 1360 3755 iniri]
1373 3701 1426 3741 non
1438 3687 1490 3740 Er·
1528 3689 1616 3740 trane

485 3770 628 3842 grmores]
646 3769 793 3825 desertores
811 3770 844 3825 K
909 3772 943 3827 10
959 3772 1153 3841 eogitstionem
1172 3773 1209 3836 K,
1227 3773 1428 3826 oonnentionem
1440 3772 1582 3828 Pometiae

486 3856 521 3910 12
532 3857 590 3927 isti]
602 3856 669 3910 insti
681 3855 715 3910 K
779 3855 961 3911 infelicissime
976 3858 1114 3912 Coeteer'ue
1184 3857 1217 3912 13
1229 3855 1397 3927 proruperint
1409 3857 1442 3910 K
1507 3859 1541 3912 15
1552 3857 1615 3912 dum

486 3941 524 4008 K,
542 3943 633 3997 autem
651 3957 668 3996 e
782 3941 818 3999 16
835 3944 1010 4012 aspmnantur
1028 3943 1079 4013 me]
1098 3957 1146 4012 per
1161 3958 1217 3998 non
1234 3945 1263 3997 te
1280 3943 1314 3998 ed
1331 3957 1374 3997 reo
1392 3942 1425 3996 K
1535 3943 1617 3998 aaut·

485 4028 562 4083 doum
581 4027 614 4082 K
727 4027 760 4082 19
777 4027 926 4096 ignominia
943 4043 992 4083 sna
1010 4027 1042 4082 K
1159 4029 1193 4084 10
1211 4027 1348 4098 quidnam]
1367 4027 1431 4098 quid
1449 4043 1500 4084 non
1518 4029 1551 4084 K

484 4113 520 4169 11
538 4113 629 4183 palem
646 4113 755 4182 scripsi.
771 4127 864 4182 puram
881 4113 918 4178 K,
936 4129 1066 4184 parurno
1146 4113 1254 4169 etiamsi
1271 4113 1309 4179 K,
1327 4114 1385 4168 sio
1481 4113 1515 4168 11
1533 4114 1616 4170 inter·

483 4197 624 4269 poliantur
637 4198 671 4253 K
677 4198 744 4264 Em
756 4197 820 4264 sort.
833 4199 973 4268 poliuntur
984 4200 1007 4252 si
1018 4215 1072 4255 non
1084 4199 1293 4268 interpoliantnr
1397 4203 1484 4254 uestro
1496 4216 1531 4254 eu
1543 4203 1617 4254 ueste

486 4283 519 4338 K
524 4301 559 4338 oa
569 4287 589 4340 1
658 4283 693 4338 24
705 4283 830 4338 axoooieti
840 4285 871 4339 K
938 4285 974 4339 15
985 4284 1203 4340 schimatioornm
1213 4284 1247 4338 K
1254 4291 1286 4339 ut
1294 4287 1360 4340 solet
1429 4285 1472 4339 dei
1483 4285 1543 4354 lege
1553 4285 1584 4338 K
