4012 5056
980 447 1073 502 vies.
1509 460 1597 512 1011

450 607 604 673 eoelesiee
623 605 686 670 iter
706 604 848 670 medinm
867 602 984 667 librato
1004 601 1110 666 limite
1124 601 1323 686 gubernaret.
1350 617 1412 666 non
1425 599 1512 676 hseo,
1531 615 1595 678 oro,

455 707 587 775 oonsilio
613 707 721 773 diuina
746 707 843 772 sunt?
868 705 928 770 hoo
953 701 1023 770 fieri
1048 702 1116 769 sine
1137 703 1203 778 Deo
1225 702 1353 796 potnit?
1378 701 1519 768 uiderint
1540 703 1596 785 qni

453 813 570 897 putent
593 828 683 895 posse
708 809 843 876 fortuitu
867 807 931 874 iste
954 807 1143 893 contingere.
1171 805 1301 872 eoeleste
1324 805 1498 871 illisolent
1519 823 1596 872 noos

453 913 622 997 respondet
646 912 768 978 disens:
795 929 853 998 ego
880 909 947 976 sine
967 907 1028 976 Dei
1051 909 1132 975 nntn
1153 907 1341 975 necessarios
1361 907 1513 974 reseruari
1534 925 1596 974 non

431 1015 599 1093 ssdmitto
615 1034 676 1080 non
692 1016 793 1080 eredo.

495 1117 720 1184 Percurremus
748 1118 854 1184 temen
882 1117 995 1196 estere,
1031 1113 1059 1180 si
1088 1113 1224 1181 uidetur.
1261 1113 1365 1199 erupit
1392 1114 1626 1200 posmodum

451 1221 521 1286 lnes
543 1220 614 1286 dire
637 1219 890 1286 etdetestsbilis
913 1218 1016 1285 morbi
1038 1217 1177 1282 usatites
1198 1217 1308 1297 nimie,
1335 1218 1516 1282 innumeros
1537 1235 1595 1299 per

451 1321 537 1387 diem
556 1323 688 1405 populos
708 1322 748 1388 od
768 1339 859 1408 suem
878 1338 1033 1405 quemque
1053 1317 1160 1385 sedem
1180 1319 1316 1404 obrupto
1330 1318 1453 1401 impetn
1467 1317 1593 1401 rapiens

451 1425 649 1490 oontinnstos
670 1442 726 1509 per
744 1423 887 1490 ordinem
903 1423 1012 1489 domos
1027 1421 1119 1507 uulgi
1133 1421 1299 1488 trementis
1313 1421 1444 1487 inussit
1469 1421 1593 1487 horrere

412 1543 559 1593 noomnee
572 1526 683 1612 ingere
697 1525 800 1592 nitere
815 1525 1008 1610 contagium,
1031 1540 1182 1605 exponere
1196 1541 1270 1590 snos
1283 1523 1391 1607 impie,
1414 1523 1504 1607 qnasi
1520 1541 1593 1588 oum

449 1628 506 1693 illo
515 1619 609 1712 'peste
622 1627 776 1694 morituro
792 1628 890 1692 etism
905 1627 1041 1692 mortem
1056 1626 1160 1708 ipsam
1174 1625 1282 1707 posset
1291 1625 1407 1708 aliquis
1418 1624 1592 1691 excindere.

449 1729 595 1796 isoebsnt
623 1729 752 1795 interim
777 1729 847 1794 tots
872 1727 1004 1793 sinitote
1029 1727 1163 1793 niostim
1187 1744 1251 1793 non
1275 1726 1341 1792 inm
1367 1743 1506 1810 corpore,
1536 1727 1593 1793 sed

449 1833 601 1897 oedsuers
622 1832 832 1915 plurimorum
854 1830 887 1896 et
905 1828 1156 1896 misericordiam
1177 1830 1210 1895 in
1231 1847 1264 1894 se
1285 1828 1430 1895 euntium
1451 1829 1592 1894 oontem-

448 1934 586 2018 plntione
606 1934 702 2000 sortis
720 1933 850 2009 metues
869 1930 1067 2016 flagitabant.
1089 1949 1180 1998 nemo
1194 1931 1332 2016 respexit
1347 1931 1435 1998 eliud
1449 1933 1591 2014 praster-

408 2055 545 2120 nsqnsm
566 2036 656 2102 luere
679 2035 826 2102 erudelis.
850 2051 942 2099 nemo
964 2033 1080 2098 similis
1103 2035 1235 2100 euentus
1257 2033 1470 2100 recordatione
1490 2035 1590 2119 trepi-

448 2139 550 2221 dsnit,
570 2153 662 2203 nemo
683 2136 760 2203 feeit
780 2135 873 2201 nlteri
895 2134 977 2218 qnod
991 2136 1060 2220 peti
1074 2136 1187 2202 nolnit.
1200 2136 1286 2218 ,qnid
1300 2136 1383 2202 inter
1397 2136 1475 2202 hseo
1489 2137 1591 2222 egerit

449 2239 568 2306 Christi
591 2241 623 2304 et
642 2239 702 2304 Dei
723 2237 874 2321 pontifex,
898 2238 954 2320 qni
976 2237 1140 2321 pontifices
1162 2238 1273 2303 mundi
1293 2239 1387 2304 huius
1409 2239 1497 2305 tento
1517 2240 1590 2321 plus

447 2341 576 2424 pietate,
597 2345 714 2425 quanto
734 2342 898 2426 religionis
918 2342 1056 2408 ueritate
1076 2344 1296 2426 preeoesserst,
1318 2344 1419 2409 sosius
1435 2345 1484 2410 est
1497 2362 1590 2431 pree-

448 2443 551 2508 terire.
578 2443 780 2527 adgregatam
800 2443 902 2526 primo
917 2443 950 2508 in
964 2441 1032 2507 leon
1051 2443 1177 2525 piebem
1192 2443 1231 2509 ie
1246 2443 1478 2509 misericordiae
1498 2444 1588 2509 bonis
1709 2513 1712 2519 ,

413 2543 592 2611 seinstruit.
607 2543 699 2609 docet
713 2543 838 2609 diuinae
853 2544 996 2610 lectionis
1012 2545 1172 2627 exemplis,
1189 2546 1341 2628 quantum
1356 2543 1397 2611 sd
1408 2563 1588 2628 promeren-

448 2643 526 2710 dum
549 2645 652 2708 Deum
673 2645 797 2728 prosint
816 2644 920 2710 officis
943 2645 1081 2729 pietatis.
1106 2646 1185 2711 tune
1207 2646 1319 2711 deinde
1340 2646 1505 2732 subiungit
1525 2665 1587 2712 non

441 2761 516 2810 esse
530 2746 685 2825 mirabile,
701 2747 730 2811 si
740 2748 863 2814 nostros
878 2747 1002 2813 tantum
1020 2747 1128 2813 debito
1143 2747 1286 2814 esritetis
1301 2749 1450 2831 obsequio
1464 2747 1588 2815 fouem-

447 2867 534 2913 mus:
551 2865 623 2913 enm
638 2849 723 2914 enim
736 2848 911 2930 perfeetum
926 2867 1016 2932 posse
1030 2850 1108 2928 fieri,
1124 2851 1179 2933 qni
1193 2851 1266 2935 plne
1282 2851 1404 2934 aliquid
1418 2851 1601 2934 publioeno'

446 2949 498 3015 nel
513 2950 636 3018 ethnico
651 2950 771 3029 feeerit,
788 2951 842 3034 qni
857 2950 979 3018 melum
989 2951 1069 3018 bono
1081 2952 1209 3018 nineens
1221 2955 1255 3018 et
1265 2953 1390 3019 dininne
1403 2952 1587 3019 elementiae

499 3167 593 3238 litor]
604 3167 676 3222 inter
688 3167 765 3222 TooL
868 3168 967 3224 libram
978 3169 1094 3225 limitem
1110 3171 1136 3226 Τ
1242 3171 1305 3242 non]
1318 3185 1405 3225 nonne
1416 3187 1441 3236 ο,
1452 3187 1551 3242 nump
1714 3195 1718 3207 ·

444 3258 576 3308 omont
696 3252 870 3309 Biortnitos
992 3253 1159 3310 oeelesieer
1277 3255 1354 3311 illins
1365 3255 1396 3314 F
1508 3257 1585 3328 noce]
1701 3279 1710 3301 =

444 3338 504 3392 lnee
518 3339 554 3393 Τ.
673 3339 840 3408 trespondit
851 3337 962 3394 etdieit'
973 3339 1000 3394 Τ
1132 3340 1272 3395 §admitti
1284 3357 1309 3396 se
1443 3358 1496 3396 non
1508 3342 1586 3397 oredo

444 3435 493 3476 ons
506 3438 552 3492 ιομ
651 3423 734 3477 'ilnis
749 3423 775 3478 Τ
873 3423 1048 3479 detestabiles
1059 3441 1084 3479 ιο
1183 3425 1366 3496 8p0pnlus1'
1460 3426 1495 3481 ed
1506 3441 1584 3482 snam

444 3523 574 3580 quemque
596 3508 713 3581 (quoqne
729 3531 759 3581 p,
780 3526 914 3582 quemque
931 3515 966 3581 w)
989 3511 1078 3568 sedem
1097 3513 1174 3585 Τοομ,
1196 3530 1213 3569 s
1231 3529 1281 3569 sne
1300 3530 1432 3585 quemque
1453 3515 1515 3570 sede
1533 3533 1549 3572 ο

444 3597 557 3666 empto
568 3613 603 3660 se,
615 3599 712 3665 erupto
723 3601 756 3666 μ’
884 3599 998 3668 9nulgo
1014 3600 1040 3651 T
1163 3598 1304 3669 horrorep
1432 3599 1467 3655 10
1478 3600 1584 3671 ingere]

442 3679 506 3734 flere
521 3679 602 3736 m
722 3682 756 3736 11
768 3683 962 3739 moritnrnsF
1044 3699 1149 3754 possem
1160 3671 1417 3754 eliquis'miiqnis
1428 3687 1549 3754 possete

442 3764 477 3820 12
488 3767 517 3820 in
528 3767 588 3820 tote
598 3783 617 3822 ο
719 3767 834 3824 niostirn
846 3785 896 3825 one
911 3785 974 3834 sepo
1077 3786 1130 3824 non
1142 3785 1193 3825 ons
1210 3769 1236 3824 Τ
1338 3769 1371 3825 13
1383 3771 1583 3826 txsnseuntinm

440 3867 504 3920 eope
592 3851 725 3923 ltaliae]
737 3853 807 3908 illud
819 3854 848 3910 L
935 3854 968 3908 16
981 3855 1051 3925 peti]
1065 3855 1119 3909 sibi
1131 3853 1189 3909 fleri
1207 3853 1294 3910 om
1383 3855 1476 3910 noluit
1486 3857 1547 3926 «σμ’

441 3935 475 3990 17
488 3935 605 3992 ehristns
617 3939 645 3993 et
656 3935 699 3992 dei
711 3937 852 4008 pontifices
867 3938 894 3993 Τ
1019 3938 1053 3995 18
1065 3939 1117 4011 est]
1130 3941 1189 3995 eret
1200 3955 1248 4013 οομ
1373 3942 1407 3996 19
1419 3957 1510 4012 premo
1521 3959 1547 3997 so

440 4021 499 4077 loeo
511 4039 593 4079 nnoo
685 4023 1017 4096 miserieordise1nnnooo
1109 4025 1309 4081 20instituitn
1401 4025 1497 4081 doeens
1509 4044 1582 4098 οομο,

441 4105 559 4194 effosso
570 4107 598 4162 n
700 4107 734 4163 οι
747 4093 808 4164 eii
813 4109 839 4164 r
945 4110 1068 4180 pietatis]
1080 4110 1206 4164 uenena
1221 4111 1248 4164 r
1353 4111 1540 4166 nnmnanne
1551 4113 1581 4168 n

439 4193 609 4246 metentem
624 4193 651 4249 T
717 4194 1161 4265 ooooeqmopseoetma
1228 4196 1582 4269 fflsumenimiionmp,

438 4270 555 4334 enmono
667 4279 729 4349 quis
740 4279 803 4352 plns
815 4298 849 4348 ιο,
861 4279 909 4351 qni
920 4279 1027 4339 toniF
1143 4281 1306 4352 tiningem
1317 4282 1549 4353 septinngonsi'

438 4361 610 4419 dementiore

1327 4457 1373 4544 g*
