4012 5056
408 380 482 432 exn
812 362 960 419 Caecilii
977 361 1138 431 Cypriani

407 516 491 583 idem
506 516 651 585 Galerius
666 518 822 585 Maximus
840 519 1003 600 proconsul
1018 517 1051 582 in
1066 517 1163 583 aliam
1176 516 1262 583 diem
1277 515 1466 601 cyprianum
1482 516 1544 583 sibi

405 619 557 686 reseruari
579 620 745 704 praecepit.
768 621 801 687 et
825 637 860 686 ao
883 621 1022 704 tempore
1043 619 1154 686 beatus
1173 619 1347 704 Cyprianus
1368 621 1482 686 ductus
1503 619 1543 685 ad

405 723 579 806 principem
594 724 626 789 et
637 723 805 790 stratorem
818 723 956 788 eiusdem
970 721 1067 788 officii
1078 721 1335 788 GaleriiMaximi
1349 721 1543 804 proconsulis

406 824 574 892 clarissimi
596 825 658 893 uiri
681 825 819 907 seaeant,
846 826 878 892 at
898 825 931 892 in
951 825 1087 910 hospitio
1113 825 1181 892 eius
1201 843 1273 892 cum
1293 843 1328 890 ao
1349 825 1383 890 iu
1398 823 1466 890 uico
1487 823 1543 907 qui

404 929 521 995 dicitur
535 929 662 994 Saturni
681 928 765 994 inter
780 928 950 995 Veneream
966 930 998 994 et
1013 926 1201 994 Salutarim
1223 927 1349 993 mansit.
1368 926 1448 992 illuc
1470 926 1565 991 uui-⁵

403 1049 513 1096 uersus
532 1031 665 1114 populus
685 1032 818 1096 fratrum
839 1031 992 1096 conuenit
1013 1030 1131 1095 etcum
1152 1029 1211 1094 hoc
1225 1031 1352 1096 sanctus
1368 1027 1542 1113 Cyprianus

405 1133 615 1214 comperisset,
637 1132 788 1198 mstodiri
808 1131 928 1215 puellas
948 1132 1114 1214 praecepit
1138 1132 1286 1214 qnoniam
1301 1147 1408 1196 omnes
1422 1131 1456 1194 in
1471 1131 1542 1196 uico

404 1236 477 1302 ants
491 1235 618 1302 ianuam
631 1233 761 1318 hospitii
776 1233 926 1319 principis
939 1233 1127 1300 manserant

374 1331 393 1395 8
445 1337 489 1403 Et
503 1338 550 1402 ita
563 1337 664 1404 altera
684 1336 736 1402 die
755 1338 868 1402 octaua
887 1337 1009 1402 decima
1027 1335 1232 1402 kalendarum
1247 1331 1431 1400 Octobrium
1448 1353 1541 1400 mane

403 1439 507 1504 multa
534 1437 629 1505 turba
657 1437 804 1503 conuenit
828 1437 868 1502 ad
894 1434 980 1502 Sexti
1009 1437 1180 1503 secundum
1204 1437 1405 1520 praeceptum
1433 1435 1577 1502 Galeria

402 1539 535 1605 Maximi
559 1539 760 1621 proconsulis.
786 1539 819 1604 et
843 1539 889 1604 ita
912 1539 998 1604 idem
1023 1536 1168 1604 Galerius
1193 1537 1351 1604 Maximus
1375 1539 1540 1621 proconsul

404 1642 511 1706 eadem
539 1643 591 1708 die
616 1640 805 1726 Cypriannm
831 1640 893 1706 sibi
919 1640 1022 1706 offeni
1046 1640 1205 1724 praecepit
1230 1641 1264 1706 iu
1289 1641 1370 1706 atrio
1396 1640 1540 1707 Saudolo

403 1742 532 1809 sedenti.
559 1762 691 1827 cumque
716 1744 841 1810 oblatus
866 1742 987 1822 luisset,
1019 1742 1164 1810 Galerius
1189 1743 1347 1810 Maximus
1372 1743 1540 1826 proconsul

403 1843 556 1928 Cypriane
577 1847 718 1929 episcopo
740 1846 837 1911 dixit:
863 1847 900 1910 tu
920 1863 953 1909 es
973 1845 1125 1910 Thascius
1146 1843 1340 1928 Cyprianus?
1366 1843 1539 1928 Cyprianus

406 1947 568 2030 episcopus
597 1948 773 2030 respondit:
803 1965 872 2032 ego
901 1965 993 2012 sum.
1024 1947 1168 2014 Calerim
1189 1947 1347 2012 Maximus
1372 1947 1539 2030 proconsul
1548 1969 1574 2011 a

398 2049 498 2114 dixit:
528 2051 565 2115 tn
590 2069 704 2132 papam
730 2051 762 2115 te
791 2048 960 2134 sacrilegae
989 2049 1105 2116 mentis
1133 2049 1313 2116 hominibus
1341 2048 1538 2132 praebuisti?

403 2149 575 2233 Cyprianus
590 2152 752 2234 spiscopus
765 2152 933 2234 respondit
949 2168 1028 2234 ego.
1044 2149 1190 2216 Galerius
1200 2150 1355 2216 Maximus
1370 2151 1537 2232 proconsul

402 2252 499 2317 dixit:
515 2252 673 2317 iusserunt
684 2253 716 2317 te
727 2251 931 2318 sacratissimi
946 2252 1149 2335 imperatores
1160 2251 1390 2317 caeremoniari.
1406 2250 1539 2336 Cypria·

400 2373 460 2419 nus
477 2354 638 2438 episcopus
658 2355 753 2419 dixit:
775 2371 848 2418 non
862 2353 973 2419 facio.
996 2353 1139 2420 Galerius
1153 2353 1312 2419 Maximus
1326 2353 1386 2418 ait:
1409 2352 1536 2419 consule

399 2456 470 2521 tibi.
494 2455 666 2540 Cyprianus
682 2456 1031 2539 episcopusreepondit:
1054 2455 1116 2522 iac
1137 2456 1235 2539 quod
1255 2454 1334 2520 tibi
1354 2474 1572 2538 praecep-ro

400 2556 481 2622 tum
504 2559 571 2623 est.
595 2558 634 2622 in
656 2577 695 2622 re
716 2558 794 2622 tam
815 2557 920 2622 insta
941 2558 1051 2622 nulla
1072 2559 1132 2622 est
1154 2556 1408 2623 consultatio.
1580 2580 1584 2592 ·

371 2657 390 2720 4
443 2659 587 2725 Galerius
601 2660 757 2725 Maximus
780 2658 951 2725 collocutus
973 2677 1045 2724 cum
1068 2659 1201 2725 concilio
1224 2658 1412 2724 sententiam
1434 2657 1536 2723 niret

400 2779 492 2846 aegre
521 2760 600 2826 dixit
628 2761 734 2826 uerbis
756 2760 950 2826 huiusmodi:
980 2761 1035 2825 diu
1060 2759 1213 2844 sacrilega
1237 2761 1343 2825 mente
1368 2759 1478 2826 uixisti
1503 2759 1536 2825 et

452 3013 466 3066 1
478 3011 635 3081 proconsule
646 3013 686 3068 M
687 3032 695 3078 ς
707 3015 751 3068 uir
762 3011 926 3068 clmMeimus
938 3012 1003 3068 cdd.
1016 3013 1083 3068 EM
1182 3014 1237 3068 alia
1248 3013 1292 3068 dio
1303 3013 1332 3068 id
1344 3016 1385 3068 est
1397 3015 1479 3084 (idem
1488 3013 1535 3081 Μ)

399 3097 518 3151 crastiua
534 3096 623 3151 afferri
637 3097 691 3151 sibi
703 3099 838 3168 praecepit
850 3098 991 3167 (praecipit
1001 3098 1049 3167 Μ)
1059 3101 1087 3152 et
1098 3099 1140 3152 ita
1152 3099 1223 3153 idem
1234 3099 1376 3168 Cipriauus
1388 3114 1448 3153 curu
1460 3099 1536 3167 prin·
1571 3142 1575 3149 ,

399 3182 457 3252 cipe
468 3186 496 3236 et
508 3184 622 3238 stratore
633 3182 717 3237 orricii
728 3183 838 3238 maximi
850 3183 913 3238 EM
1052 3183 1184 3240 donnico
1197 3185 1536 3240 saturniinterueunriam

398 3268 519 3334 (uenena
531 3285 567 3322 cc
577 3268 925 3338 ueneriaEletsalutaria
937 3269 1004 3324 EM
1158 3269 1265 3338 tilica]
1278 3269 1413 3324 illicacta
1424 3269 1536 3324 ianuam

398 3353 464 3407 EM
541 3405 543 3410 ,
564 3354 581 3408 6
593 3353 729 3422 conuenit]
741 3353 843 3406 mansit
853 3353 918 3407 EM
1020 3353 1129 3408 sanctus
1141 3369 1191 3408 cm.
1205 3353 1273 3408 EM
1375 3355 1391 3408 'l
1403 3352 1536 3408 custodiri

398 3440 517 3508 August.
531 3439 548 3494 l.
561 3453 582 3492 c.
595 3456 622 3494 a.
636 3441 654 3492 4
666 3444 693 3492 ct
705 3437 832 3509 Falpcct.
845 3451 923 3493 serm.
934 3441 961 3506 6,
974 3438 1103 3507 emtigari
1115 3438 1158 3504 M,
1171 3440 1200 3492 ct
1210 3437 1341 3508 castigari
1352 3437 1384 3493 E
1504 3438 1535 3492 in

397 3524 459 3578 nico
470 3539 562 3578 omnes
574 3527 639 3578 ante
650 3524 745 3578 ianuas
757 3521 878 3592 hospicio
890 3523 1018 3592 principie
1031 3523 1157 3577 iacebant
1168 3523 1236 3577 EM
1353 3523 1370 3578 9
1382 3523 1435 3593 die]
1449 3521 1493 3577 dic
1505 3522 1535 3577 id

398 3612 441 3665 est
452 3609 520 3664 EM
640 3608 675 3663 10
684 3609 767 3664 turba
778 3609 904 3664 conuenit
914 3623 964 3663 ora
977 3609 1045 3664 EM
1163 3608 1262 3678 gallcri
1273 3608 1313 3662 M
1429 3610 1462 3663 11
1474 3624 1535 3679 pro-

398 3694 516 3750 consulis
528 3693 675 3750 clarissimi
685 3694 741 3748 uiri
752 3694 819 3748 EM
922 3695 1002 3749 et'ita
1071 3695 1210 3764 praecepit
1221 3710 1270 3750 ora
1285 3695 1350 3750 EM
1459 3695 1493 3748 12
1504 3695 1535 3750 in

398 3780 469 3834 atrio
481 3780 615 3850 sandolo]
628 3780 657 3833 in
670 3780 739 3833 atrio
752 3778 879 3835 sedentis.
891 3779 1019 3832 obuoluto
1028 3777 1186 3844 (obuoluato
1199 3779 1245 3846 Μ)
1257 3780 1286 3833 et
1297 3780 1415 3834 mudule
1426 3777 1534 3834 oblatus

398 3866 440 3920 eet
452 3865 518 3919 EM
521 3883 532 3931 ,·
554 3864 590 3929 cf.
606 3867 684 3920 Corae.
696 3865 845 3920 Matocoa
858 3863 896 3918 ΙΙ
905 3880 928 3919 c.
941 3867 992 3918 19:
1011 3868 1043 3918 ut
1054 3863 1088 3918 ad
1105 3864 1192 3919 locum
1212 3864 1417 3919 examinationis
1429 3879 1534 3919 reorum

397 3951 489 4005 nullus
506 3949 620 4006 clericam
639 3949 750 4005 accedat
761 3965 845 4019 neque
856 3949 967 4004 intersit
978 3950 1048 4004 atrio
1061 3949 1183 4006 Sauciolo
1341 3950 1375 4006 13
1386 3965 1499 4019 cumque
1510 3966 1534 4006 o.

397 4036 505 4106 inisset]
518 4051 571 4105 qno
581 4035 689 4090 obclato
700 4034 772 4090 idom
784 4035 849 4090 EM
943 4037 1085 4104 proconsul
1097 4036 1264 4090 clarissimus
1275 4036 1319 4090 uir
1331 4035 1367 4101 E,
1378 4035 1535 4106 proconsule

397 4121 558 4177 durissimus
570 4121 613 4176 uir
621 4121 659 4176 M
725 4121 760 4176 14
769 4123 802 4176 tu
814 4137 842 4176 es
911 4121 930 4176 l.
940 4125 976 4177 16
987 4121 1057 4176 dixit
1065 4137 1115 4177 aaa
1125 4121 1193 4177 EM
1258 4121 1292 4176 16
1300 4125 1426 4192 papatem
1436 4120 1503 4175 EM

396 4208 551 4264 hominibus
563 4208 600 4274 E,
612 4207 736 4263 omnibus
747 4207 786 4263 M
869 4207 901 4263 17
914 4208 1056 4278 cyprianus
1067 4208 1138 4263 dixit
1149 4223 1198 4279 ego
1211 4207 1277 4263 EM
1354 4206 1473 4278 galerius
1487 4245 1530 4263 ...

397 4296 414 4350 l.
426 4299 460 4349 21
474 4293 638 4350 consultatio
651 4309 702 4350 orn.
714 4294 778 4349 EM
932 4293 967 4348 22
978 4293 1120 4363 proconsul
1135 4294 1243 4350 locutus
1252 4293 1288 4360 E,
1305 4292 1461 4362 proconsule
1473 4307 1535 4346 con·

397 4379 503 4434 locutus
514 4378 553 4434 M
653 4381 682 4434 ot
693 4394 773 4436 ocae
