4012 5066
602 453 643 506 dd
663 452 802 522 Vigiliem
821 453 972 521 episcopum
991 451 1024 506 de
1041 451 1152 506 Iudaica
1170 451 1357 508 incredulitate
1374 469 1396 508 o
1414 455 1440 510 8.
1530 459 1592 524 129

450 613 480 673 et
506 611 712 685 plenitudinem
735 610 843 670 Christi
869 610 970 670 Graeci
985 610 1126 670 sermonis
1141 629 1226 686 opere
1241 611 1357 686 signata
1371 615 1433 673 eet:
1456 616 1493 674 ed
1509 614 1592 674 cuiue

453 713 674 774 translationem
688 713 719 772 in
730 713 911 773 intellectum
921 712 1056 772 flatuum
1067 713 1212 773 animante
1223 713 1337 774 Domini
1352 730 1406 788 ope
1420 716 1451 776 et
1465 715 1592 776 uiuentis

451 815 518 874 fidei
544 815 679 874 firmitate
706 820 822 875 mmeta
847 814 1003 874 uerborum
1029 814 1206 888 proprietate
1231 815 1393 889 intrepidus
1408 817 1531 876 acccmi:
1562 819 1593 876 et

451 917 498 976 his
523 917 572 991 qui
594 917 631 976 ab
652 917 803 975 intellectu
827 917 952 976 Graecae
974 915 1131 976 docilitatis
1151 915 1239 976 alieni
1254 920 1323 977 sunt
1337 916 1530 992 interpretata
1544 919 1589 977 in-

429 1039 441 1079 e
456 1023 540 1094 tecm
564 1018 773 1094 significatione
798 1019 951 1079 uerborum
967 1023 997 1079 et
1012 1019 1178 1080 intellectus
1191 1021 1284 1080 omnis
1299 1037 1333 1080 ee
1347 1022 1481 1083 ueritate
1496 1021 1592 1082 meni·

452 1121 605 1181 featadone
619 1121 768 1196 patefacta
781 1120 904 1180 Romani
919 1124 1060 1180 sermonis
1075 1121 1187 1182 ratione
1202 1121 1333 1182 discrrsse
1354 1122 1485 1184 disserui.
1510 1125 1592 1184 cuius

449 1224 557 1284 laberis
572 1224 768 1298 probationem
784 1224 849 1295 tibi,
866 1223 1025 1294 carissime,
1042 1225 1092 1298 qui
1105 1225 1255 1298 utriusque
1270 1224 1387 1300 linguae
1402 1226 1591 1286 instructione

450 1325 588 1387 fundatus
618 1342 659 1398 es,
690 1326 822 1401 impensa
851 1326 991 1400 petitione
1020 1325 1186 1388 committo:
1216 1331 1250 1387 ut
1274 1327 1324 1404 qui
1350 1329 1444 1388 saneti
1469 1328 1592 1404 spiritus

449 1429 634 1488 ueneratione
649 1430 829 1488 uerecundns
844 1444 876 1488 es
892 1428 1007 1488 conlata
1030 1429 1178 1502 utriusque
1194 1428 1288 1503 operis
1303 1429 1425 1489 lectione
1440 1431 1592 1490 audaciam

416 1531 631 1592 renerecuudee
653 1530 829 1588 temeritatis
850 1529 983 1603 explores
1005 1531 1035 1587 et
1056 1529 1186 1589 examine
1200 1529 1300 1590 iudicii
1314 1531 1358 1590 tui
1374 1548 1447 1605 quae
1462 1531 1592 1592 meuse

448 1631 533 1691 uobis
549 1633 596 1692 uel
612 1632 766 1706 improprie
782 1631 856 1690 forte
879 1631 995 1705 digesta
1009 1634 1077 1690 snut
1091 1632 1263 1690 auctoritate
1280 1632 1400 1705 spiritus
1416 1633 1520 1704 macti,
1541 1633 1592 1706 qui

450 1725 489 1793 in'
503 1737 605 1807 pectus
630 1736 712 1793 tunm
739 1732 926 1794 inundatione
955 1731 1067 1806 gratiae
1091 1732 1224 1792 caelestis
1239 1733 1363 1806 influxit,
1379 1733 1546 1808 comprobes
1562 1737 1592 1794 et

450 1835 600 1894 emendes:
626 1835 723 1908 sitque
738 1836 775 1894 ad
791 1837 820 1894 te
837 1835 872 1894 de
888 1833 947 1894 iste
962 1834 1086 1895 lectione
1102 1834 1139 1893 ab
1154 1834 1319 1896 humilitate
1340 1837 1440 1896 nostre
1455 1837 1592 1904 mandate

450 1935 559 2010 legatio
581 1941 611 1998 et
633 1937 807 1997 insinuanda
827 1936 883 1997 tibi
905 1936 936 1996 in
961 1953 1015 1996 nos
1028 1937 1122 2010 prima
1136 1937 1299 1998 dilectionis
1314 1937 1428 2010 petitio,
1443 1941 1479 1997 ut
1491 1938 1592 2012 parui-

414 2039 542 2122 satetem
568 2040 635 2098 fidei
661 2056 741 2098 meae
767 2055 832 2098 cnm
860 2038 1065 2112 discipulerum
1090 2041 1204 2099 tuorum
1219 2039 1407 2099 insnuctione
1422 2043 1508 2114 etque
1524 2055 1591 2098 ern·

451 2143 561 2204 ditione
590 2141 746 2216 coniungas
762 2143 793 2200 et
814 2157 871 2212 me,
887 2157 969 2214 quere
986 2140 1016 2198 in
1031 2140 1090 2200 elia
1105 2143 1187 2214 parte
1202 2139 1289 2200 huius
1302 2141 1467 2214 prouinciae
1482 2142 1591 2202 consti·

452 2247 548 2304 tutum
574 2246 692 2319 prepter
717 2243 856 2303 uisendos
879 2243 978 2302 uultus
992 2246 1059 2302 tuoe
1074 2259 1131 2302 nen
1147 2241 1260 2302 itineris
1274 2242 1473 2317 longinquitas
1488 2243 1594 2302 temnit

454 2364 507 2406 nec
522 2347 635 2407 senium
649 2362 685 2405 ac
699 2344 858 2405 difficultas
881 2343 998 2418 fatigati
1013 2361 1047 2404 ae
1061 2344 1133 2404 fessi
1148 2344 1207 2404 iam
1221 2345 1347 2418 corperis
1361 2344 1520 2418 redarguit,
1541 2345 1593 2404 sed

452 2448 597 2507 animante
610 2445 761 2506 stimrrlatu
774 2445 890 2506 Domini
906 2447 936 2505 et
951 2448 1072 2519 urgente
1084 2445 1221 2504 festinem
1237 2445 1394 2519 cupiditate
1410 2445 1591 2520 properandi,

415 2569 442 2612 ae
454 2551 618 2624 contempte
644 2565 755 2624 quoqne
782 2550 860 2608 omui
878 2547 1067 2609 tribulatione
1082 2537 1196 2622 inopiae
1216 2549 1303 2623 atque
1318 2548 1453 2622 penuriae
1468 2550 1593 2623 quante·

455 2667 575 2725 cumque
587 2649 693 2710 uirium
703 2650 844 2709 facultate
854 2649 1000 2723 ueuieudi,
1014 2650 1220 2710 sanctimoniae
1235 2653 1302 2710 tuae
1314 2648 1435 2710 celebris
1445 2650 1504 2709 hnc
1518 2649 1596 2708 mma

453 2752 598 2826 perduxit,
620 2751 657 2811 ad
671 2751 846 2826 premixtum
863 2751 987 2812 dilectus
1008 2751 1051 2811 tui
1066 2751 1189 2812 caritate
1203 2769 1268 2812 eum
1282 2751 1472 2812 unanimitate
1487 2750 1595 2812 fratcr-

451 2852 556 2912 nitatis
571 2854 710 2912 admittas
725 2855 756 2913 et
770 2853 861 2912 amori
876 2854 926 2912 tno
943 2869 1026 2926 quam
1039 2852 1190 2928 discipulis
1202 2853 1262 2912 suis
1272 2853 1411 2912 Dominus
1422 2852 1595 2912 hereditatis

521 3138 536 3188 1
555 3133 655 3204 graeei]
673 3133 806 3204 gregisZ
875 3131 949 3202 fin]
967 3133 1038 3195 ado.
1052 3148 1102 3187 em·
1115 3132 1143 3187 Ζ
1210 3131 1374 3188 animantem
1389 3133 1446 3197 To,
1464 3149 1515 3188 oea
1534 3137 1561 3189 Ζ

454 3205 507 3272 duo
524 3239 552 3289 p,
572 3219 616 3273 dci
635 3220 678 3274 Ze
748 3218 807 3288 ope]
827 3233 945 3286 operep
1016 3215 1111 3270 uiuent
1129 3217 1161 3282 T,
1184 3217 1306 3271 inumtis
1323 3218 1557 3272 rtecdta'ercc.

451 3303 527 3359 teis
544 3303 608 3358 fidei
626 3303 675 3358 1r¹
752 3302 880 3357 firmitati
899 3303 925 3356 Ζ
997 3301 1120 3369 trepidus
1137 3301 1292 3356 accessitis
1310 3303 1358 3371 qui
1375 3303 1402 3356 Ζ
1469 3304 1535 3357 4et
1551 3303 1593 3358 in·

451 3391 530 3459 tegre
547 3389 574 3443 Ζ
688 3388 706 3446 6
724 3387 844 3442 romanis
862 3387 888 3442 Ζ
990 3385 1120 3440 disseruit
1137 3387 1165 3441 Ζ
1273 3387 1291 3442 9
1309 3385 1514 3442 nerecnmdatne
1532 3389 1560 3442 Z

452 3474 603 3546 utriusque]
628 3474 771 3543 mnusque
788 3475 813 3526 Ζ
965 3472 999 3526 10
1016 3472 1165 3527 uerecunde
1182 3474 1211 3526 et
1228 3472 1261 3536 Ζ,
1278 3472 1474 3527 inuerecuudee
1490 3473 1558 3540 [ert.

453 3560 575 3630 exploras
599 3562 628 3615 et
651 3560 688 3624 Τ,
712 3559 858 3614 exfloreute
880 3558 906 3612 Ζ
1146 3557 1301 3612 exsemine
1324 3558 1382 3628 Τμ,
1407 3558 1509 3612 semine
1533 3559 1561 3612 Ζ

458 3647 491 3701 11
512 3646 565 3715 uel]
584 3645 619 3700 ed
637 3646 664 3700 Ζ
825 3644 935 3715 digesta
952 3645 1028 3712 sunt]
1045 3645 1073 3700 Ζ
1088 3644 1133 3698 tic
1149 3645 1248 3699 emet
1262 3649 1374 3713 purim
1390 3644 1457 3698 latri
1473 3643 1595 3698 debono

453 3731 608 3803 pudicitiae,
622 3749 653 3801 p.
673 3735 716 3798 13,
730 3735 767 3787 10
780 3731 834 3785 mci
851 3731 952 3802 operis.
964 3773 968 3782 .
981 3733 1037 3795 .16,
1055 3729 1235 3800 lapidicida
1304 3729 1338 3784 12
1354 3729 1593 3785 inundatione...

452 3817 472 3872 l.
493 3819 529 3872 21
548 3817 680 3871 facultate
696 3833 748 3872 ene
767 3818 795 3871 Ζ
922 3817 954 3870 17
973 3816 1150 3880 ιιὶεοοιιάοιμ
1278 3815 1312 3869 18
1328 3831 1377 3869 uec
1389 3855 1396 3868 .
1410 3855 1417 3868 .
1430 3855 1437 3869 .
1452 3813 1594 3884 redarguit

457 3917 546 3969 ceap
667 3900 818 3970 redarguit]
836 3900 989 3955 remdeeit
1005 3917 1036 3963 υς
1053 3899 1193 3970 redarguit
1209 3901 1228 3954 t
1247 3915 1270 3954 c.
1289 3898 1449 3968 impedium
1466 3899 1503 3966 cs.
1525 3901 1593 3953 Cec-

454 3989 510 4043 liam
528 3987 625 4042 docel.
644 3987 678 4042 de
694 4003 730 4040 aa.
749 3987 841 4041 emelia
860 3986 887 4050 1,
905 3991 947 4050 15,
968 3989 1020 4040 121
1039 3987 1138 4052 (Amet.
1156 3987 1237 4053 1709)
1330 4041 1341 4053 ‚¹
1385 3985 1420 4040 19
1437 3985 1592 4054 stimulatu]

452 4073 590 4128 famulatu
608 4073 672 4127 Bel.
691 4088 727 4126 ccc
745 4087 761 4124 r
887 4070 1020 4126 festinate
1036 4070 1102 4140 Zpe
1230 4069 1267 4124 90
1283 4061 1469 4139 contempteta
1486 4089 1515 4136 μ,
1533 4084 1595 4124 con·

450 4161 529 4214 muta
547 4159 583 4214 ft
720 4158 754 4212 21
773 4157 890 4216 celebres
912 4158 947 4213 ft
1080 4157 1133 4212 hec
1150 4156 1177 4211 Ζ
1308 4155 1343 4210 22
1360 4153 1524 4227 produxitp

457 4245 621 4312 premixtum
641 4245 685 4308 Ti,
703 4244 852 4313 proximam
871 4243 935 4310 Zpu
1013 4241 1127 4297 dilectos
1143 4243 1186 4296 tui
1204 4241 1237 4306 Ζ,
1253 4240 1410 4296 dilectionis
1428 4242 1526 4296 tusco

451 4329 594 4384 mritatmr
613 4330 691 4398 Zpo;
710 4329 745 4394 cs.
761 4345 792 4397 p.
812 4331 908 4392 132,6

548 4437 570 4482 a
586 4435 628 4483 111
1364 4420 1383 4480 9
