4000 5066
449 374 512 438 264
917 375 1101 446 appendis.

449 531 532 590 curule
543 531 686 592 residuum
698 549 768 607 opus
778 535 876 608 templi
885 538 1159 595 eonsummaueruut.
1173 532 1469 608 quodipsumquidem
1477 531 1505 590 iu
1513 530 1575 606 pri-

449 651 493 692 mo
501 633 690 694 librollsdrae
698 637 847 696 manifeste
859 640 1079 710 demonstratur,
1090 640 1166 713 quod
1175 641 1255 698 sexto
1264 653 1337 696 anuo
1347 633 1427 694 Darii
1439 633 1575 706 templum

449 735 502 795 Dei
516 754 568 810 per
583 738 677 798 omniu
690 738 731 798 eit
745 745 977 802 eonsummatum.
1001 741 1037 801 ed
1051 741 1100 799 llis
1123 740 1280 801 adiciamus
1296 740 1375 799 Darii
1392 739 1443 812 v1‚
1459 741 1489 799 at
1503 739 1577 798 fiunt

448 837 497 896 XL
514 841 544 897 et
558 839 609 898 VI.
626 839 728 912 quibus
743 841 827 900 annis
841 842 944 902 adieoti
959 846 1027 902 sunt
1040 846 1100 902 tres
1115 841 1146 900 in
1161 843 1296 917 mysterio
1311 841 1454 916 passionis
1476 845 1505 900 et
1527 857 1569 901 re·

449 940 634 1001 surrectionis
650 941 767 1021 Christi,
783 948 812 1002 et
828 944 946 1018 impleta
959 948 1004 1004 est
1018 945 1195 1004 bebdomada
1206 945 1338 1018 septima.
1356 947 1386 1003 et
1396 947 1465 1003 tune
1480 944 1598 1017 planas

448 1045 478 1099 ut
489 1043 627 1116 templum
649 1047 679 1102 et
692 1061 791 1104 murus
805 1051 835 1106 et
848 1047 912 1120 ipsa
925 1048 1028 1108 eieites
1050 1047 1268 1122 quadragesimo
1282 1049 1312 1106 et
1327 1063 1400 1106 nouo
1416 1064 1490 1106 anno
1505 1061 1572 1119 sup·

448 1143 526 1218 plato
541 1161 593 1220 per
603 1146 699 1206 omnia
713 1148 839 1220 periente
864 1153 893 1208 et
918 1153 1047 1224 protenta
1061 1149 1320 1211 demonstrabatur.
1344 1148 1394 1208 sed
1413 1148 1571 1206 beatotum

449 1263 519 1320 epus
534 1246 564 1306 in
579 1251 757 1308 saoramento
772 1249 906 1310 eeclesiae
921 1251 1129 1326 perficiebatur.

399 1343 437 1401 17
490 1351 617 1424 Denique
628 1353 776 1412 uideamus
786 1354 854 1428 quid
866 1355 921 1426 ipsi
934 1353 1072 1412 llIrVIlII
1083 1356 1151 1414 anni
1163 1353 1335 1427 significent.
1348 1370 1404 1412 nou
1415 1353 1476 1412 uiuae
1489 1368 1576 1410 eausa

448 1453 523 1510 onim
538 1452 616 1512 Deus
630 1453 724 1513 uoluit
738 1455 768 1512 in
782 1459 891 1528 septem
909 1455 1132 1515 hebdomadibus
1148 1459 1206 1515 tam
1229 1473 1363 1530 magnum
1387 1457 1415 1513 id
1437 1457 1483 1512 est
1504 1471 1570 1526 pro-
1585 1473 1610 1512 io

448 1556 592 1629 photinum
607 1575 677 1630 opus
692 1556 888 1616 eonsummari
905 1557 958 1616 hoo
972 1560 1067 1616 autem
1083 1559 1164 1616 mode
1176 1558 1371 1632 propheticum
1384 1555 1473 1616 luibae
1488 1554 1575 1614 iutel-

448 1658 559 1730 ligitur,
576 1676 640 1718 oum
652 1659 687 1718 de
698 1659 834 1717 XLVIlIl
845 1659 928 1717 annis
939 1659 969 1716 in
981 1658 1093 1718 nomine
1105 1659 1170 1716 Iesu
1182 1659 1290 1718 Christi
1303 1661 1396 1718 deeem
1410 1660 1440 1716 et
1451 1663 1514 1717 oete
1529 1673 1576 1714 se-

448 1765 605 1835 gregantur
619 1765 649 1819 et
670 1765 819 1821 remanant
833 1761 938 1820 Xlllll:
955 1763 1058 1834 quribus
1073 1761 1214 1836 suppletis
1225 1762 1355 1821 Christus
1366 1761 1447 1820 Iesus
1463 1767 1577 1835 propter

448 1862 621 1920 eredentium
634 1862 756 1921 salutem
767 1879 869 1935 pessus
881 1865 925 1922 est
940 1865 970 1921 et
985 1864 1150 1934 resurrexit,
1167 1864 1196 1922 et
1210 1881 1261 1936 por
1272 1865 1363 1920 semet
1375 1863 1468 1936 ipsum
1479 1863 1573 1921 emnia

448 1965 575 2038 perfecta
591 1966 730 2024 ostendit:
747 1968 777 2024 et
791 1966 927 2038 templum
942 1967 1015 2038 quod
1033 1984 1088 2026 uon
1099 1966 1232 2024 humanis
1243 1965 1293 2024 sed
1309 1963 1370 2022 suis
1385 1963 1476 2022 saeris
1487 1963 1577 2022 maui-
1589 1981 1612 2020 us

448 2071 502 2128 bus
517 2069 553 2128 eb
569 2069 718 2142 imperium
732 2067 822 2140 patris
838 2067 882 2126 sui
904 2066 1058 2140 plasmanit
1084 2085 1141 2128 nou
1156 2068 1217 2126 oleo
1234 2067 1284 2125 sed
1299 2066 1404 2140 spiritu
1419 2066 1471 2124 Dei
1495 2065 1577 2124 unxit

449 2173 478 2229 ot
492 2171 638 2230 eiuitatem
664 2171 693 2227 id
716 2173 761 2228 ast
782 2169 931 2229 eeclesiam
952 2169 1096 2241 lapidibus
1120 2168 1305 2228 sanctificatis
1327 2167 1489 2228 aedilioauit
1503 2168 1532 2226 et
1548 2168 1577 2224 in

448 2273 512 2346 ipsa
525 2273 650 2347 plateam
667 2272 824 2331 constituit.
856 2269 951 2343 platee
973 2273 1066 2330 auitum
1082 2273 1126 2330 est
1141 2271 1189 2329 uie
1203 2273 1282 2329 recta
1297 2273 1327 2329 et
1351 2269 1447 2345 plane,
1477 2269 1506 2326 in
1522 2285 1579 2340 quaa

449 2375 629 2434 ambulantos
658 2375 828 2447 perueniunt
857 2375 893 2432 ad
920 2374 1010 2431 uitam
1024 2377 1177 2432 aeternam.
1201 2374 1267 2430 lruio
1293 2372 1406 2430 ciuitati
1431 2373 1534 2432 sortem
1550 2375 1580 2432 et

449 2475 698 2550 inexpugnabilem
714 2493 826 2536 murum
841 2475 870 2534 id
885 2478 930 2534 est
955 2477 1084 2534 sanctum
1109 2491 1210 2534 nemen
1232 2491 1315 2533 suum
1331 2475 1496 2534 constituit:
1527 2492 1578 2549 per
1588 2490 1614 2531 ao

450 2581 524 2651 quod
539 2596 640 2638 nomen
655 2596 752 2637 omnes
767 2579 944 2637 aduersarios
960 2579 1078 2649 podibus
1093 2578 1154 2636 eiius
1170 2578 1284 2636 subluit.
1295 2582 1325 2635 et
1340 2593 1404 2636 ecoe
1420 2577 1472 2634 Dei
1487 2578 1581 2646 main

450 2697 534 2754 quam
545 2679 692 2755 puseolum
702 2683 731 2739 ot
743 2678 923 2740 admirabilia
937 2679 1018 2738 uobis
1033 2682 1149 2737 ostensa
1163 2681 1231 2736 suut
1246 2695 1395 2752 perennes
1406 2677 1579 2749 xxxvnn,

449 2783 498 2855 qui
512 2783 580 2840 anni
595 2801 610 2841 e
625 2783 766 2842 contrario
782 2782 943 2841 infidelibus
956 2787 986 2840 et
997 2782 1220 2854 persecutionem
1232 2783 1326 2841 seruis
1338 2782 1390 2840 Dei
1405 2781 1577 2840 lenientibus

448 2901 581 2958 maguam
597 2885 792 2943 demonstrant
806 2886 1039 2957 supernanturam
1054 2884 1255 2942 calamitatem.
1272 2901 1329 2955 qua
1351 2885 1446 2940 eurtum
1471 2881 1580 2940 ratione

450 2985 613 3045 uideamus:
628 2985 676 3044 hie
691 2987 766 3045 euim
782 2986 903 3044 muudus
917 2985 946 3043 in
972 3003 1027 3060 quo
1051 2986 1120 3044 iusti
1146 2987 1176 3044 et
1198 2984 1300 3043 iniusti
1316 2985 1352 3043 ab
1374 2984 1456 3042 initio
1471 2983 1615 3043 saeculis

448 3091 654 3147 conuersantur
668 3103 717 3146 sex
732 3087 832 3147 diebus
848 3091 891 3146 ost
903 3091 1124 3158 consummatus,
1142 3087 1245 3160 quibus
1258 3084 1401 3160 suppletis
1411 3085 1579 3145 benedictus

449 3192 492 3248 est
507 3189 569 3247 dies
584 3191 723 3264 septimus
738 3190 787 3248 ille
802 3193 1023 3263 superuenturus
1039 3189 1151 3248 sabbati
1167 3189 1286 3248 aeterni.
1303 3189 1333 3246 iu
1345 3189 1391 3246 luis
1403 3189 1499 3260 itaque
1511 3189 1572 3246 die·

518 3472 665 3526 lhesduae
682 3473 698 3522 b
802 3471 874 3525 esu
891 3487 938 3539 pier
956 3472 1046 3524 omniu
1064 3488 1094 3524 cu
1203 3470 1272 3523 darii
1291 3487 1341 3523 orn.
1361 3471 1377 3520 b
1479 3469 1579 3522 blieb-

450 3558 605 3610 denredese
720 3557 857 3624 plateasc
972 3556 1342 3623 ultramontanorum
1465 3555 1499 3609 10
1516 3555 1578 3609 heb·

450 3641 576 3697 demades
595 3643 610 3694 b
713 3641 907 3711 propheticum]
925 3641 1071 3709 perlectum
1090 3641 1106 3693 b
1220 3643 1253 3694 11
1272 3641 1523 3695 consummationi
1540 3642 1581 3695 aie

450 3745 531 3796 saepe
635 3728 711 3781 modo
730 3744 812 3781 oenc
913 3727 1108 3796 propheticum]
1129 3727 1311 3795 persentiunt
1404 3726 1579 3796 intelligitur]

450 3815 537 3882 igitur
554 3815 570 3864 ii
692 3813 725 3866 12
742 3816 938 3881 congregantur
956 3815 971 3864 b
1095 3812 1128 3866 16
1146 3811 1180 3866 ob
1198 3813 1309 3880 imperio
1327 3815 1351 3878 b,
1369 3813 1511 3868 secundum
1531 3813 1582 3867 irn-

451 3901 552 3968 perium
571 3915 601 3953 eu
731 3898 878 3966 plasmauit
895 3898 919 3962 b,
938 3897 1066 3951 lerruuuit
1086 3913 1118 3952 aa
1251 3897 1284 3949 18
1301 3898 1419 3966 plateam
1438 3899 1581 3952 constituit

450 3987 535 4037 urmb
641 3986 669 4036 et
687 3985 768 4052 plenu
785 3985 869 4036 erud
978 3985 1012 4036 21
1031 3984 1059 4035 et
1076 3997 1134 4035 eece
1153 3983 1177 4047 b,
1203 3998 1262 4037 ecee
1280 3999 1312 4037 eu
1414 3986 1449 4037 22
1466 3983 1581 4037 admire-

451 4069 518 4123 bilia
535 4071 670 4124 nobilius
812 4069 846 4123 23
864 4068 929 4122 anui
946 4070 970 4138 a]
989 4067 1127 4122 auimaec
1255 4067 1291 4120 24
1308 4067 1372 4135 quia
1390 4070 1480 4122 eumue
1497 4069 1582 4120 ratiu-

451 4171 543 4210 nerue
653 4156 688 4209 ‘25
706 4155 840 4209 etenimb
951 4154 985 4208 ab
1003 4155 1096 4224 initio]
1115 4153 1318 4208 habitationeb
1426 4153 1460 4206 27
1479 4153 1582 4207 seilicet

451 4240 499 4294 illo
517 4241 540 4304 b,
559 4241 603 4294 illi
620 4241 725 4296 seilicet
742 4257 757 4295 c
