4016 5054
664 321 709 375 De
725 320 978 388 singularitate
995 321 1199 374 clericorum
1217 337 1239 374 c.
1258 321 1369 374 at-cr.
1519 329 1583 394 203

446 477 664 540 nescierunt
692 482 922 540 sacramenta
946 479 1022 540 Dei.
1052 479 1194 541 lohannes
1224 481 1320 540 anum
1334 482 1454 541 matrem
1468 480 1584 542 Domini

447 582 607 656 suscepisse
621 582 745 642 uidetur.
762 583 814 641 sed
828 585 949 643 matrem
965 583 1046 642 cuius
1061 599 1154 643 mores
1169 585 1332 643 maternum
1347 581 1456 642 indicat
1471 601 1583 644 nomen.

446 686 542 744 umen
568 701 624 744 non
640 701 755 758 possum
771 686 801 744 et
815 685 889 744 alias
904 684 1013 744 Christi
1039 687 1147 745 matres
1169 684 1333 758 admttere,
1358 701 1411 744 nec
1436 685 1585 761 aequanda

447 788 492 845 est
520 785 687 846 mulieribus
716 787 827 846 cunctis
862 803 936 865 quae
974 787 1077 862 genuit
1110 787 1301 846 maiestatem.
1339 785 1440 846 Helias
1472 801 1584 861 quoque

426 887 543 948 siussue
568 889 613 948 est
638 887 791 948 aDomino
805 888 967 963 relinquere
990 888 1174 949 solitudinem
1190 891 1220 948 et
1235 889 1347 962 ingredi
1370 889 1584 949 tabernaculum

447 989 559 1050 uiduae.
575 1007 627 1065 pro
642 991 762 1065 imperio
776 990 891 1051 Domini
906 991 1051 1052 laborauit
1066 995 1099 1051 ut
1113 991 1143 1050 iu
1159 991 1241 1050 domo
1256 991 1427 1062 mansisset,
1450 991 1496 1050 cui
1511 991 1582 1050 soli·

445 1092 515 1162 tudo
530 1091 669 1166 palatium
683 1093 852 1166 praestabat
866 1094 904 1152 ad
918 1093 1063 1167 requiem:
1080 1093 1256 1153 occasionem
1268 1090 1313 1150 illi
1324 1091 1462 1151 Dominus
1478 1091 1585 1152 obtulit

445 1194 482 1252 ad
497 1194 642 1268 magnalia
655 1193 801 1267 iacienda,
827 1197 861 1254 ut
875 1194 960 1254 iamin
975 1197 1104 1268 tempore
1118 1195 1211 1268 magis
1233 1193 1290 1267 ipsi
1304 1196 1364 1253 tam
1378 1191 1482 1254 uiduae
1498 1211 1584 1269 quum

446 1295 566 1370 pupillis
577 1297 639 1356 uus
656 1296 829 1356 sufficientia
839 1297 981 1358 tribueret
995 1297 1141 1368 alimenta,
1165 1297 1215 1370 qui
1230 1297 1344 1356 ieiuniis
1365 1311 1456 1370 usque
1472 1313 1584 1371 queque

411 1397 579 1458 roadllictns
593 1397 769 1458 tolerauerot
782 1398 973 1473 indigentiam
987 1403 1016 1458 et
1032 1400 1083 1472 qui
1108 1399 1215 1458 missus
1230 1400 1349 1458 uenerat
1363 1399 1459 1472 pasci,
1481 1399 1584 1472 pastus

447 1501 516 1574 quin
531 1501 618 1560 immo
633 1501 782 1561 conferens
808 1501 922 1561 miseris
946 1500 1081 1561 miserias
1103 1501 1243 1576 egestatis
1264 1501 1335 1560 iecit
1349 1501 1470 1560 excludi.
1485 1502 1516 1560 et
1530 1502 1586 1561 hoc

446 1618 502 1661 nou
517 1606 614 1675 potest
628 1605 796 1676 cuiusquam
807 1602 906 1663 iuuere
921 1605 1063 1674 fluxurae,
1091 1620 1156 1661 cum
1171 1602 1253 1662 nulla
1275 1601 1363 1661 fuerit
1384 1602 1585 1676 opportunitas

446 1705 584 1778 scandali,
610 1705 660 1765 ubi
674 1707 858 1766 transeunter
878 1709 953 1780 qued
976 1707 1059 1780 peius
1084 1709 1131 1766 est
1155 1709 1318 1780 egestosam
1345 1705 1447 1766 habuit
1472 1705 1583 1766 mansi·

446 1823 528 1866 onem
543 1824 629 1881 quam
644 1807 814 1881 quicumque
829 1809 934 1882 hospes
949 1807 1099 1882 effugeret.
1126 1811 1157 1868 at
1179 1806 1227 1868 hic
1242 1810 1318 1881 apud
1333 1825 1405 1882 quos
1420 1808 1585 1880 hospitatus

416 1912 491 1968 isset
506 1908 639 1982 impleuit
645 1908 776 1980 etrediit,
792 1907 842 1982 qui
857 1909 971 1968 etiamsi
982 1912 1151 1982 moraretur,
1168 1912 1319 1982 suspectus
1330 1925 1394 1968 esse
1409 1926 1465 1968 nou
1476 1909 1584 1983 potuit.

445 2009 539 2084 qualis
554 2010 616 2069 illic
630 2009 687 2069 fuit
701 2010 914 2070 communitatis
930 2011 1080 2082 adiectus,
1102 2011 1153 2070 nbi
1167 2027 1224 2070 non
1240 2012 1304 2069 erat
1318 2010 1437 2069 uictus?
1468 2013 1497 2069 et
1512 2027 1584 2084 qua·

444 2111 501 2172 lem
516 2111 554 2170 ad
569 2110 686 2170 uiduam
701 2110 805 2170 habuit
820 2111 922 2171 Helias
937 2111 1088 2171 introitum
1115 2110 1161 2171 cui
1183 2110 1274 2170 fames
1300 2111 1380 2171 dedit
1405 2110 1584 2185 hospitium?

445 2213 577 2288 quisquis
602 2230 634 2273 es
663 2213 713 2286 qui
743 2216 771 2273 te
793 2213 839 2273 uis
854 2213 956 2273 Heliae
972 2215 1008 2272 de
1022 2213 1244 2273 commoratione
1259 2213 1362 2272 triduae
1384 2213 1480 2272 uocum
1495 2212 1584 2273 disci·

446 2316 561 2390 pulum,
586 2315 667 2389 prius
683 2314 849 2375 solitudinis
864 2315 1038 2375 afflictiones
1053 2318 1083 2374 et
1097 2314 1290 2388 quadraginta
1311 2314 1420 2373 dierum
1435 2315 1528 2374 tolera
1541 2315 1584 2374 ie·

414 2417 535 2480 auinuus
561 2417 680 2490 exitum,
704 2418 735 2477 et
761 2419 894 2478 autnon
921 2434 1042 2491 quaeres
1068 2415 1204 2476 feminam
1230 2418 1281 2476 aut
1304 2433 1360 2474 non
1386 2417 1442 2475 erit
1455 2416 1505 2489 qui
1520 2433 1585 2476 cum

445 2518 552 2580 femina
577 2523 774 2591 commoretur,
791 2523 821 2579 et
846 2521 944 2578 tamen
971 2519 997 2578 si
1011 2519 1137 2578 uulneris
1152 2517 1207 2576 tibi
1223 2533 1316 2576 serua.
1344 2517 1428 2577 nobis
1443 2521 1540 2577 autem
1555 2518 1586 2576 iu

447 2621 552 2695 spiritu
567 2623 597 2680 et
610 2621 719 2680 uirtute
734 2620 838 2680 Heliae
854 2621 1013 2680 uenalium
1030 2637 1116 2694 quam
1131 2621 1287 2678 Iohannem
1304 2619 1395 2678 solum
1418 2619 1539 2692 angelus
1555 2623 1586 2678 et

446 2721 585 2782 Dominus
602 2722 735 2782 Christus
751 2721 889 2781 insinuat.

488 2841 545 2902 Pro
560 2841 643 2900 nefas
658 2842 754 2902 dolero
769 2841 899 2914 cogimur
913 2843 990 2914 quod
1005 2842 1147 2913 docemus,
1163 2841 1213 2916 qui
1230 2857 1319 2914 usque
1335 2841 1372 2901 sd
1387 2841 1441 2901 hoc
1452 2840 1585 2901 uenimus
1596 2842 1636 2901 17

410 2947 478 3005 aaut
493 2945 523 3002 in
549 2943 759 3016 comparatione
785 2943 925 3002 durorum
939 2946 975 3002 de
992 2946 1153 3004 sauctorum
1169 2945 1326 3002 tremendis
1343 2943 1499 3002 uirtutibus
1522 2943 1583 3003 dis·

445 3049 587 3119 putemus.
612 3062 698 3119 parce
712 3045 771 3104 iam
787 3061 883 3117 parce,
898 3045 1082 3118 proteruites.
1113 3063 1269 3119 numquam
1286 3045 1340 3103 tihi
1356 3045 1449 3105 sancti
1464 3060 1584 3104 consen·

445 3146 722 3221 tiuntquireligiosa
730 3149 860 3206 modesta
874 3149 1038 3207 ueneranda
1052 3147 1156 3220 pudica
1170 3148 1310 3220 pudorata
1324 3165 1389 3205 cum
1404 3146 1518 3206 feminis
1533 3162 1585 3205 ne-

446 3250 525 3324 gotia
539 3253 721 3324 peregerunt.
737 3255 787 3309 aut
802 3251 827 3310 si
842 3251 936 3309 adhuc
952 3268 1003 3324 per
1010 3250 1129 3310 'muetos
1141 3251 1336 3311 cauillatiouis
1347 3249 1504 3310 amfractus
1516 3266 1585 3308 con·

449 3352 544 3412 modis
558 3352 716 3427 exquirere,
728 3370 780 3413 uos
795 3356 892 3412 mnan
904 3353 1011 3412 amicos
1022 3351 1077 3412 Dei
1088 3353 1285 3412 nonuouimus
1299 3353 1355 3412 nisi
1371 3354 1408 3412 ad
1423 3351 1586 3412 ueneratio-

515 3686 688 3755 3uequendc
707 3686 740 3742 0¹
845 3687 1072 3758 dut1autfort.
1181 3686 1348 3756 ipalatiuru
1367 3703 1391 3755 p.
1409 3686 1445 3741 ad
1467 3687 1496 3750 0,
1515 3687 1586 3742 sola·

445 3771 516 3826 tium
528 3789 554 3841 p.
573 3774 602 3826 et
618 3791 635 3824 u
703 3773 827 3842 dmagis
844 3772 927 3827 iamis
943 3777 1099 3842 temporeo
1168 3771 1255 3841 ipsius
1272 3775 1330 3824 tam
1347 3771 1376 3836 0,
1395 3775 1452 3825 tam
1470 3771 1552 3842 ipsiu

445 3856 589 3911 ilieiuniie
610 3857 750 3914 Oanos.
805 3921 809 3930 .
891 3857 1211 3926 quequece.1.m.a
1350 3859 1382 3910 11
1401 3855 1554 3913 iecissetG

447 3942 480 3995 12
498 3942 688 4010 cuiuquamO
773 3943 875 3997 fluxure
897 3943 925 4008 0,
944 3937 1067 3998 luxurias
1083 3959 1102 3997 c
1189 3943 1223 3997 13
1240 3943 1403 3998 habueritu
1489 3942 1524 3996 14
1540 3941 1586 3998 hie

446 4027 518 4096 apud
540 4027 600 4082 Os.
618 4028 637 4082 i.
655 4031 729 4082 aaa
850 4029 884 4084 16
902 4027 1025 4083 dicetur
1047 4029 1078 4092 0,
1095 4028 1240 4085 effectuae
1362 4028 1551 4084 1711111110ι

446 4112 480 4167 ro
497 4112 627 4168 reuma
703 4113 738 4166 eo
756 4115 863 4182 quern
884 4114 918 4171 0¹
997 4113 1033 4166 aa
1050 4099 1170 4170 sori-c
1243 4115 1279 4169 24
1294 4114 1371 4190 nun
1395 4113 1423 4177 o,
1441 4111 1517 4168 soror
1534 4131 1552 4167 ο

447 4197 537 4252 dolore
558 4197 592 4254 0¹
696 4198 731 4253 28
748 4197 896 4254 amfractus
915 4216 952 4254 ea·
968 4198 1150 4256 aciractusO
