4016 5054
476 428 540 492 242
954 423 1138 494 appendix.

477 591 617 656 momulus,
634 585 775 656 martyres
790 584 858 642 suut
872 597 924 642 nec
938 585 1095 656 martyrum
1111 597 1216 640 corona
1230 579 1454 640 fraudabuntur:
1481 578 1611 652 inprimis

477 687 573 743 autem
586 684 720 744 monachi
735 684 785 758 qui
800 700 867 743 uere
883 683 1014 744 monachi
1029 686 1097 742 sunt
1112 699 1146 742 ac
1172 682 1300 756 uirgines
1314 696 1387 755 quae
1403 697 1469 740 uere
1483 679 1610 754 uirgines

477 789 554 847 suunt.
570 803 662 862 nequo
677 786 754 846 onim
767 785 847 847 locus
863 787 991 846 desemus
1004 831 1012 858 ,
1027 801 1126 846 saccus
1140 800 1192 860 pro
1209 785 1307 857 ueste,
1321 781 1456 858 legumen
1470 798 1521 858 pro
1536 781 1609 856 cibo,

477 906 569 964 neque
584 888 692 948 ieiunia
707 905 800 964 neque
815 888 999 948 chameuniae
1013 887 1184 947 monachum
1200 886 1375 958 absoluuut,
1398 887 1452 946 snb
1467 885 1514 945 bis
1529 884 1609 946 inuo-

477 991 566 1052 lueris
582 991 726 1050 interdum
740 991 813 1050 latet
828 989 940 1050 animus
954 991 1038 1050 uelde
1053 989 1225 1048 mundanus.
1241 987 1317 1062 quod
1332 987 1374 1046 ite
1390 987 1634 1060 deprehenditura

479 1093 505 1151 si
520 1093 557 1151 ad
571 1110 675 1152 munus
690 1092 807 1167 aliquod
822 1091 1047 1152 ecclesiasticum
1061 1095 1213 1150 nocemur:
1246 1089 1287 1148 ibi
1308 1089 1407 1149 uideas
1422 1089 1560 1163 quosdam
1575 1105 1610 1149 ox

477 1193 537 1254 illis
553 1194 691 1254 facillima
705 1193 784 1254 uinci
800 1193 927 1266 deliciis,
943 1191 1170 1268 impatientiores
1186 1191 1371 1262 mariarum,
1399 1191 1611 1265 appetentiores

477 1296 623 1356 uindictae
639 1312 725 1369 quam
740 1295 836 1371 quiuis
862 1296 937 1356 alius
962 1295 1001 1354 sit
1025 1311 1060 1354 ox
1085 1294 1179 1354 medin
1200 1293 1293 1368 plebe.
1321 1294 1391 1368 quid
1417 1310 1520 1354 musae
1545 1297 1611 1354 est?

476 1398 612 1471 quoniam
627 1415 730 1472 corpus
744 1401 932 1457 exercuerunt
945 1397 1038 1470 magis
1052 1413 1139 1470 quam
1154 1395 1296 1455 animum:
1312 1411 1377 1454 cum
1391 1395 1493 1455 beatus
1505 1395 1612 1454 Paulus

478 1501 587 1571 doceat,
604 1502 680 1575 quod
694 1500 919 1561 exercitatio
941 1498 1151 1574 corporalis
1166 1500 1208 1557 ad
1224 1498 1400 1558 modicum
1421 1497 1534 1557 utilis
1549 1498 1648 1570 sitio

477 1603 598 1674 pietas
621 1604 665 1662 ad
687 1601 959 1661 omuiaualeat.

427 1712 467 1770 32
523 1703 588 1764 Nou
605 1703 676 1764 baec
690 1704 828 1777 dixerim,
856 1705 931 1777 quod
945 1704 1124 1778 improbandi
1152 1703 1211 1762 siut
1232 1701 1280 1776 qui
1295 1701 1401 1762 talibus
1417 1701 1509 1762 modis
1521 1703 1609 1761 casti·

478 1809 551 1879 garo
565 1823 668 1880 corpus
686 1823 769 1865 suum
784 1809 814 1868 et
827 1806 857 1865 in
873 1805 1041 1865 seruitutem
1058 1805 1211 1878 redigunt:
1235 1805 1287 1864 sed
1309 1805 1385 1878 quod
1399 1807 1516 1864 cutam
1532 1804 1611 1864 mille

479 1907 636 1967 instructus
651 1908 764 1968 artibus
779 1924 989 1979 nonnumquam
1015 1907 1112 1965 illudit
1142 1906 1277 1976 incautis,
1299 1905 1555 1979 transfigurasset
1581 1907 1611 1964 in

477 2009 613 2082 angelum
628 2009 702 2070 lucis
718 2013 748 2070 et
762 2027 796 2070 ex
811 2009 973 2069 huiusmodi
995 2025 1142 2082 corporum
1165 2007 1397 2068 exercitamentis
1420 2007 1531 2066 inducit
1552 2005 1612 2066 illis
1623 2025 1646 2064 rs

477 2109 580 2168 falsam
597 2111 804 2170 sanctimoniae
819 2110 1040 2183 persuasionem,
1055 2127 1175 2182 cumque
1190 2111 1268 2169 intus
1284 2110 1417 2169 madeant
1432 2110 1611 2184 spiritalibus

477 2211 577 2283 uitiis,
607 2213 638 2270 et
651 2210 707 2270 sibi
722 2214 753 2270 et
768 2210 834 2270 aliis
849 2211 992 2270 habentur
1006 2210 1056 2284 pii.
1087 2210 1156 2269 talis
1172 2213 1236 2270 erat
1251 2209 1364 2270 iustitia
1378 2209 1608 2280 Pharisaeorum,

477 2315 523 2371 cui
538 2313 669 2386 praelata
684 2317 729 2372 est
744 2313 837 2372 iudico
853 2313 967 2373 (lbristo
981 2313 1126 2387 publicani
1138 2313 1292 2374 iniustitia.
1307 2313 1350 2373 ita
1361 2317 1429 2373 sunt
1441 2316 1470 2374 et
1483 2313 1610 2387 uirginea

476 2415 584 2484 fatuae,
601 2431 673 2487 quae
689 2414 811 2474 solidam
827 2415 992 2476 existimant
1003 2415 1141 2488 pietatem
1151 2431 1256 2488 corpus
1271 2415 1376 2475 habere
1387 2416 1450 2474 uiro
1461 2416 1610 2484 intectum,

476 2533 541 2574 cum
556 2516 668 2574 animus
685 2516 812 2574 auaritia
825 2516 961 2594 superbia
977 2516 1086 2576 inuidia
1100 2519 1130 2575 et
1147 2515 1355 2577 obtrectatione
1370 2516 1410 2575 sit
1424 2516 1608 2590 corruptissi·
1620 2536 1646 2574 ro

476 2635 548 2675 mus.
582 2621 650 2676 sunt
665 2621 695 2676 ot
710 2617 785 2678 falso
799 2618 914 2694 uiduae,
936 2635 1007 2691 quae
1024 2619 1091 2677 dum
1105 2618 1210 2678 uiuum
1224 2618 1254 2676 in
1271 2616 1382 2677 deliciis
1397 2617 1510 2677 Christo
1532 2634 1608 2676 mor·

476 2720 541 2777 tuae
556 2721 633 2778 sunt.
650 2719 680 2778 in
695 2737 808 2778 summa
822 2721 918 2778 tamen
934 2721 1061 2792 quisquis
1076 2735 1144 2779 uere
1160 2719 1344 2779 Christianus
1358 2719 1496 2793 cuiusque
1515 2721 1610 2778 status

475 2823 526 2878 aret
541 2820 649 2879 ordinis
665 2819 755 2880 habet
769 2822 926 2880 certamina
938 2838 999 2892 sua,
1016 2819 1103 2881 habet
1117 2837 1230 2880 crucem
1246 2837 1342 2880 suam:
1359 2837 1443 2894 quam
1458 2820 1484 2880 si
1499 2821 1610 2894 patien-

475 2921 520 2978 ter
534 2920 641 2998 tollit‚·;
660 2922 686 2980 si
702 2923 867 2982 constanter
881 2923 1014 2995 suammet,
1045 2923 1209 2982 testimonio
1225 2940 1276 2981 suo
1292 2922 1434 2996 glorificat
1449 2921 1610 2992 Dominum,

474 3024 588 3080 tanturn
603 3039 639 3080 ue
654 3022 712 3082 sibi
726 3023 854 3082 uindicet
876 3023 987 3082 laudem
1010 3024 1149 3084 bonorum
1172 3041 1302 3098 operum:
1325 3025 1380 3084 hoc
1401 3023 1477 3084 onim
1493 3041 1550 3084 non
1565 3024 1644 3084 estes

475 3123 636 3198 glorificare
651 3124 755 3197 Deum,
772 3125 823 3184 sod
838 3123 995 3186 clarificare
1012 3125 1147 3200 seipsum.

425 3236 465 3294 33
519 3227 616 3287 Habet
630 3228 826 3302 unusquisque
841 3228 969 3289 fidolium
990 3247 1095 3304 agones
1118 3247 1195 3302 suos,
1218 3230 1306 3290 habet
1335 3229 1531 3290 aduersarium
1547 3230 1611 3298 dia:

476 3329 583 3401 bolum,
600 3331 688 3390 babet
701 3331 905 3404 agonothetam
916 3330 1017 3404 Deum,
1034 3332 1122 3391 habet
1134 3333 1280 3391 theatrum
1295 3349 1351 3390 non
1366 3332 1459 3391 solum
1473 3332 1610 3392 ecclesiae

476 3433 506 3488 et
521 3431 690 3505 angolorum
705 3433 758 3492 sed
773 3435 805 3491 et
819 3432 987 3506 infidelium,
1006 3435 1242 3507 quomadmodum
1257 3433 1329 3494 dicit
1343 3433 1451 3494 Paulus
1466 3433 1502 3493 ad
1515 3432 1611 3493 Corin·

477 3532 571 3591 thios:
602 3533 857 3607 spectaculum
891 3535 984 3594 iacti
1020 3552 1143 3594 sumus
1175 3536 1305 3594 mundo
1336 3537 1372 3594 et
1405 3535 1553 3611 augelis
1575 3541 1646 3598 etro

477 3633 701 3696 hominibus.
731 3635 757 3694 si
780 3636 931 3709 uincimus,
957 3637 1116 3711 gloriantur
1131 3637 1238 3712 angeli,
1265 3637 1426 3712 gloriantur
1440 3641 1471 3698 at
1486 3638 1612 3699 fidelium

476 3735 623 3809 ecclesiae,
654 3737 797 3812 gloriatur
822 3740 852 3796 et
877 3739 938 3812 ipso
954 3737 1087 3798 Christus
1101 3741 1131 3797 iu
1151 3739 1287 3799 membris
1313 3739 1382 3800 suis.
1406 3740 1452 3800 siu
1473 3741 1613 3802 uincimus

476 3837 594 3912 ignauia
604 3842 715 3912 nostra,
726 3839 887 3915 triumphat
898 3844 1013 3901 satanas
1027 3858 1091 3900 curn
1107 3842 1218 3916 angelis
1233 3842 1303 3914 suis,
1316 3841 1458 3902 insultant
1469 3843 1552 3904 uobis
1568 3843 1614 3902 in·

477 3940 587 4000 creduli
602 3958 636 4002 ac
651 3942 745 4001 Deum
759 3941 941 4002 contumeliis
956 3943 1101 4016 afficiunt,
1125 3944 1269 4005 diceutes:
1292 3960 1357 4005 ecoe
1383 3943 1432 4019 qui
1447 3943 1557 4005 iucmnt
1582 3959 1614 4004 se

477 4043 620 4102 redemtos
635 4061 653 4103 a
667 4043 819 4120 tyrannide
835 4047 961 4118 satanae,
978 4047 1027 4119 qui
1036 4047 1206 4121 praedicant
1220 4061 1251 4106 se
1266 4049 1393 4108 mortuos
1403 4047 1518 4121 mundo,
1533 4045 1610 4107 nihi·
1619 4065 1644 4108 u

548 4294 613 4350 101
632 4297 702 4355 Tim.
720 4299 746 4362 4,
764 4301 790 4354 8.
923 4301 1008 4354 :301
1026 4299 1085 4356 Cor.
1104 4301 1129 4368 4,
1149 4302 1174 4352 9.
