4012 5066
397 369 457 437 124
864 368 1050 440 Appendin

390 527 454 588 tuoe
468 527 566 601 pulum
577 543 609 589 se
624 529 720 604 ipsum
732 527 846 588 uenisse
861 527 1034 589 monstrauit
1044 529 1074 587 et
1085 528 1328 602 proediostionem
1338 541 1392 607 per
1401 523 1526 601 prophe-

390 631 437 689 tus
452 630 497 690 sui
512 630 675 691 ostensione
689 629 896 704 quodammodo
911 629 1041 691 omnibns
1056 645 1124 690 suse
1134 629 1313 704 pressentiue
1329 625 1525 704 conprobauit.

388 732 443 795 hoe
469 731 556 793 etium
581 731 695 804 Eseius,
721 748 773 806 per
797 747 883 808 quem
897 731 1035 792 Dominus
1060 731 1122 806 ipse
1143 731 1337 807 prementum
1350 747 1434 791 snum
1448 727 1528 790 olm

389 833 620 896 annuntiationis
646 834 879 895 manifestatione
904 833 1086 908 monstrosis,
1111 835 1268 909 prophetet
1290 835 1321 894 et
1335 833 1424 895 diuite
1446 833 1527 908 ipso

389 937 450 1013 qni
470 936 650 1012 loquebar
670 935 771 1009 neni,
804 936 835 996 io
864 939 924 1010 est,
950 937 1001 1011 qni
1028 952 1081 1011 per
1110 938 1266 1012 prophetes
1291 938 1358 996 unte
1386 934 1548 996 ndumtuss

388 1040 445 1099 mei
471 1039 563 1099 futuri
587 1038 776 1114 praeloquens
807 1039 937 1113 inerunt,
962 1037 989 1098 is
1017 1038 1132 1114 propris
1159 1054 1236 1098 nuno
1264 1040 1351 1112 etque
1379 1037 1527 1113 preeunte

387 1157 456 1201 noue
479 1141 674 1215 praesentium
700 1157 793 1201 meum
820 1141 905 1202 testis
930 1141 988 1200 mei
1008 1141 1070 1216 ipse
1084 1139 1247 1202 manifesto.
1269 1140 1340 1215 qniu
1354 1140 1526 1214 euidentius,

387 1242 457 1317 quid
471 1243 536 1304 lune
549 1241 738 1319 prneolurius,
764 1241 834 1317 quid
849 1244 946 1304 uerius
960 1244 1057 1318 potest
1070 1242 1150 1304 dieii
1165 1247 1200 1302 ut
1213 1243 1304 1303 oeulis
1318 1241 1525 1316 quodammodo

387 1348 557 1420 perspeotus
572 1348 650 1406 esset
673 1345 799 1416 nouisse,
826 1344 889 1418 ipse
903 1343 954 1419 qni
968 1345 1063 1406 iuerat
1077 1345 1228 1418 uenturus,
1243 1346 1398 1419 antequem
1412 1343 1526 1405 ueniret

387 1447 524 1519 ostendit,
547 1448 578 1506 et
590 1444 793 1507 incredulitate
817 1448 930 1506 mentes
943 1443 1043 1521 populi
1057 1445 1159 1522 perfidi
1173 1446 1342 1507 obstruente
1363 1444 1560 1506 uenientemro

387 1565 472 1610 nemo
493 1549 640 1624 cognouit
663 1548 740 1610 siunt
760 1547 836 1610 idem
856 1547 959 1609 Ennius
972 1550 1004 1609 in
1024 1548 1118 1623 prime
1132 1547 1328 1624 merepetione
1342 1548 1442 1625 populi
1457 1564 1524 1622 pro·

388 1651 494 1711 olumut
516 1650 632 1712 uicens=
655 1649 831 1726 cognonit
853 1651 917 1711 bos
938 1666 1192 1725 possessorem
1214 1667 1316 1712 snum
1336 1651 1373 1711 et
1394 1649 1524 1710 usinus

386 1751 938 1828 preesopeeominisui,1sreel
959 1755 1078 1814 sutem
1099 1768 1150 1813 me
1171 1751 1339 1814 nesoinit
1359 1753 1397 1813 et
1417 1750 1523 1826 plebs

386 1871 438 1914 me
459 1871 528 1915 non
549 1852 760 1914 intellexit
782 1853 879 1927 pulum
903 1855 1014 1914 eunetis
1035 1854 1113 1914 siout
1135 1853 1199 1928 ipse
1220 1837 1363 1928 praedixit
1388 1851 1524 1927 apperuit

385 1957 417 2016 ot
430 1955 598 2017 sedentibus
612 1955 644 2015 in
658 1955 787 2016 tenebris
801 1955 987 2016 menifestum
1000 1955 1077 2017 uites
1092 1955 1188 2018 lumen
1202 1954 1322 2027 effulsit,
1338 1957 1369 2016 et
1379 1952 1523 2014 iniustitia
1532 1969 1559 2011 ne

384 2057 558 2132 perfidorum
572 2061 676 2132 peetus
690 2057 838 2118 obssmum
852 2057 1013 2130 postposite
1033 2057 1150 2132 proprie
1163 2074 1198 2117 eo
1211 2057 1320 2117 reisote
1333 2056 1428 2117 sulute
1442 2057 1524 2115 tene·

387 2159 456 2220 brus
470 2159 569 2233 potius
582 2158 721 2218 oseoitste
736 2157 831 2219 bordis
845 2157 945 2233 elegit.

452 2390 535 2446 eit
743 2390 928 2456 lenone

454 2628 576 2685 lluoem
597 2630 634 2685 rt
806 2628 1003 2698 prsediostione
1024 2645 1072 2699 per
1092 2647 1117 2695 o,
1140 2645 1188 2700 por
1210 2629 1437 2699 prndioutionem
1455 2629 1520 2684 Rei.

383 2730 419 2770 em
435 2730 451 2768 r
635 2711 826 2782 prophetorum
845 2712 910 2769 Boi.
1093 2715 1111 2770 Ζ
1128 2715 1182 2785 sui]
1199 2729 1262 2770 snos
1279 2714 1334 2785 Ζμ,
1351 2730 1403 2770 ons
1420 2713 1485 2770 Boi.

383 2799 545 2870 ostensione]
563 2799 684 2854 ostendit
701 2800 736 2864 Ζ,
753 2813 804 2854 ors.
823 2798 889 2854 Bai.
1018 2814 1094 2855 suem
1113 2799 1294 2868 praesentium
1310 2816 1337 2863 o,
1353 2799 1520 2870 proesentise

382 2885 561 2940 ostensionem
579 2885 645 2940 Boi.
780 2883 903 2938 nemim
916 2925 923 2938 .
936 2926 944 2941 .
957 2885 996 2940 ‚t
1014 2887 1032 2940 4
1049 2886 1212 2940 monstrauit
1228 2901 1279 2941 osu
1298 2885 1327 2940 Z
1462 2885 1519 2954 ipse

382 2985 432 3026 oon
451 2969 493 3025 Ze
607 2968 818 3039 sprophemnrt
834 2969 863 3024 et
880 2967 950 3024 uixit
967 2971 992 3024 Ζ
1104 2985 1155 3042 sgo
1174 2971 1267 3041 ipseo
1386 2969 1520 3025 bsdnen·

381 3058 442 3109 tum
465 3069 555 3109 meum
573 3053 698 3108 futurum
715 3052 757 3108 Ze
906 3054 924 3109 6
941 3054 1109 3124 preelooutus
1126 3054 1154 3109 Ζ
1299 3054 1325 3108 is
1342 3070 1369 3125 p.
1387 3069 1414 3108 n.
1437 3057 1519 3124 utque

381 3141 450 3210 (nto.
472 3154 544 3194 nuno
567 3140 590 3209 t)
611 3154 638 3208 p.
656 3154 683 3193 u.
701 3154 727 3208 p.
745 3154 781 3193 m.
805 3139 884 3194 testis
907 3140 962 3194 mei
985 3140 1121 3209 (testsrnei
1145 3140 1178 3208 T,
1201 3141 1282 3196 testis
1303 3155 1379 3196 meus
1397 3159 1426 3210 μ,
1449 3141 1520 3195 teste

380 3241 424 3280 me
447 3225 484 3294 Ζ)
507 3224 565 3293 ipse
587 3223 657 3293 (ipso
680 3223 718 3293 Ζ)
741 3223 885 3278 menifesto
907 3225 1090 3294 (manifestem
1115 3226 1162 3294 rt)
1188 3226 1278 3296 Tth,
1295 3227 1353 3295 ipse
1370 3241 1441 3282 nnno
1457 3224 1520 3281 neni

380 3311 413 3364 nt
436 3308 561 3364 omnibns
583 3309 763 3377 praesentium
786 3323 873 3364 meum
896 3311 954 3380 ipse
977 3325 1028 3382 ego
1049 3311 1130 3366 testis
1151 3311 1205 3366 mei
1228 3309 1400 3366 menifestum
1418 3311 1484 3366 Rei.

379 3395 398 3450 8
414 3393 467 3449 bno
482 3394 543 3449 luee
562 3393 627 3448 Bas
790 3392 849 3448 lueo
870 3395 1034 3462 prneolerins
1051 3410 1102 3450 eon
1121 3413 1142 3466 μ
1303 3393 1402 3464 quidue
1419 3410 1446 3452 n.
1463 3395 1519 3450 diui

379 3483 471 3551 potest
488 3479 515 3534 Ζ
686 3479 728 3550 ut]
746 3481 779 3533 ut
795 3494 858 3550 ergo
876 3479 940 3536 Boi.
1113 3481 1220 3537 oooulos
1237 3481 1263 3536 2
1424 3482 1441 3537 9
1459 3497 1518 3550 per-

379 3565 495 3636 spsutus]
514 3567 669 3635 perseeutor
682 3564 710 3619 Ζ
810 3581 839 3620 se
856 3566 961 3622 uenisse
980 3566 1054 3632 Bab,
1072 3566 1191 3622 uenisset
1208 3568 1238 3622 et
1258 3567 1286 3622 Z
1301 3563 1350 3636 (cf.
1362 3569 1425 3633 120,
1438 3569 1483 3636 13)

263 3671 265 3675 ·
378 3651 434 3705 iem
453 3651 584 3705 uenturus
602 3650 668 3706 Bel.
826 3650 861 3707 10
878 3649 1099 3707 ineredulitstem
1116 3652 1144 3706 Ζ
1301 3653 1402 3707 mentis
1422 3652 1483 3710 TZt

377 3733 491 3806 perfidie
507 3735 536 3789 Z
622 3735 807 3791 obstruentem
823 3735 857 3801 Ζ,
876 3735 1036 3792 obseruente
1053 3739 1081 3792 et
1098 3756 1118 3807 μ
1136 3739 1165 3792 et
1176 3752 1198 3792 s.
1210 3738 1228 3793 i.
1246 3754 1283 3793 m.
1302 3739 1321 3792 Ζ
1416 3739 1450 3793 11
1467 3753 1514 3809 po-

378 3820 438 3891 puli
456 3835 507 3876 eos
525 3821 552 3875 Ζ
656 3821 691 3876 ΙΖ
708 3822 811 3877 olsmst
827 3822 855 3876 Ζ
944 3838 1024 3877 suum
1040 3837 1092 3877 osu
1110 3842 1130 3892 μ
1202 3869 1204 3873 .
1230 3823 1264 3879 13
1280 3825 1446 3894 prsesepium
1464 3840 1481 3878 v

378 3904 422 3959 sui
437 3921 490 3961 oss.
509 3927 530 3971 μ
651 3922 694 3962 me
711 3907 803 3963 nutem
820 3907 849 3963 Ζ
973 3908 1069 3964 nesciit
1087 3928 1116 3978 μ,
1134 3908 1264 3979 oogoonit
1281 3910 1309 3964 Ζ
1426 3907 1515 3980 plebs]

377 3993 496 4062 populus
512 3991 539 4046 Ζ
626 3993 661 4047 14
678 3993 731 4063 ιιιο]
750 4007 809 4047 mes
827 3999 839 4047 t
932 3993 1020 4062 peloro
1035 4033 1042 4050 .
1055 4032 1063 4048 .
1076 4032 1084 4048 .
1096 3995 1231 4063 preedixit
1247 4011 1300 4051 oss.
1317 3996 1344 4050 Ζ
1441 3995 1516 4049 sient

378 4076 522 4146 eunetisu
641 4077 675 4132 lb
691 4077 867 4133 mmiresmm
884 4079 970 4134 uitem
988 4082 1016 4134 et
1033 4079 1063 4134 Ζ
1174 4079 1270 4136 eiulsit
1287 4081 1316 4137 Ζ
1427 4083 1456 4135 in
1473 4081 1517 4137 in·

379 4161 459 4217 stitis
476 4161 532 4227 ΖΡ,
550 4161 661 4217 iustitie
680 4163 766 4232 Nun
910 4165 944 4222 16
962 4165 1075 4222 reieotns
1093 4182 1111 4222 n
1128 4166 1187 4223 lnoe
1205 4166 1239 4232 Ζ,
1256 4170 1331 4224 rsetu
1347 4169 1437 4224 utute
1458 4169 1484 4223 T

379 4246 587 4301 lenesmontem
606 4248 639 4314 Ζ,
658 4249 869 4319 eeeoimtenqns
886 4250 951 4307 Bai.
970 4267 1005 4306 eu
1021 4267 1038 4305 r
