4016 5054
856 427 1039 498 appendia

398 899 491 997 xo.
529 899 603 998 nn
640 828 928 1002 nvonnono
958 899 1221 1002 neonus
1253 900 1499 1002 eunoun.

840 1311 1068 1388 mensuum.

426 1461 587 1545 Duodecim
608 1483 731 1544 abudua
750 1485 819 1543 eunt
842 1483 958 1544 saeculi
985 1484 1039 1544 boc
1064 1487 1125 1544 eet:
1152 1483 1268 1558 sapiens
1289 1483 1352 1543 siue
1375 1479 1515 1555 operibus,

386 1601 473 1646 senen
488 1585 551 1646 sine
566 1581 724 1659 religione,
744 1585 913 1645 adulescens
929 1584 992 1645 eine
1003 1583 1198 1659 oboedientia,
1219 1584 1301 1646 diues
1315 1585 1377 1644 eine
1390 1583 1515 1642 eleemo-

385 1704 474 1763 syna,
496 1686 603 1748 semina
624 1685 686 1748 eine
708 1686 865 1761 pudicitia,
880 1685 1012 1746 dominus
1034 1687 1096 1746 eine
1110 1685 1238 1760 uirtute,
1253 1685 1426 1747 christinus
1446 1692 1535 1744 con-⁵

386 1788 546 1862 tentiones,
560 1805 671 1864 pauper
689 1789 847 1864 superbus,
863 1805 913 1849 rex
927 1788 1060 1864 iniquus,
1075 1789 1227 1864 episcopua
1240 1789 1413 1864 neglegens,
1433 1785 1516 1860 plebe

387 1891 451 1950 aine
465 1889 629 1966 discipline,
654 1889 779 1968 populna
794 1890 857 1953 sine
871 1889 946 1967 lege.
962 1890 1006 1952 sic
1030 1892 1185 1952 suffocatur
1214 1891 1341 1951 iustitis:
1362 1889 1434 1949 haec
1448 1888 1517 1948 sunt

388 1992 538 2056 duodecim
548 1993 671 2053 ebusina
681 1992 789 2054 emonii
798 2010 850 2068 per
861 2009 934 2068 quae
948 1993 1055 2055 saeculi
1065 1995 1139 2066 rota,
1155 1993 1226 2053 siin
1241 1992 1292 2053 illo
1304 1991 1422 2062 inerint,
1437 1989 1516 2050 deci-

387 2093 467 2169 pitur
487 2095 518 2153 at
530 2093 568 2155 ad
582 2093 687 2154 turoni
707 2094 842 2155 mnebras
863 2095 943 2155 nulio
963 2095 1135 2170 impediente
1155 2093 1287 2156 iustitias
1305 2091 1444 2166 suffragio
1464 2107 1517 2166 per

387 2193 495 2254 iustum
509 2194 564 2254 Dei
578 2195 716 2255 iudicium
729 2196 852 2256 rotatur.
1527 2217 1552 2256 ue

706 2377 867 2437 adplene
890 2377 978 2437 cmc
1000 2377 1197 2438 opumve.

360 2535 376 2592 1
433 2532 531 2593 Primo
546 2532 609 2592 sine
623 2531 707 2592 bonis
722 2531 854 2604 operibns
868 2529 985 2605 sapiens
995 2533 1025 2592 et
1037 2529 1253 2605 praedicatorsi
1267 2529 1365 2601 fuerit,
1380 2526 1430 2603 qui
1442 2527 1518 2602 quod

389 2651 518 2696 sermone
543 2634 642 2708 dccet,
664 2633 777 2695 actibus
796 2633 910 2706 capiere
941 2631 1078 2708 neglegit.
1105 2633 1248 2693 auditores
1268 2630 1346 2692 euim
1371 2628 1518 2691 doetrinae

390 2736 468 2796 dicte
488 2737 691 2808 contemnunt,
716 2751 780 2794 cum
799 2733 1007 2809 praedicatoris
1031 2749 1117 2808 opera
1137 2731 1395 2808 apraedicationis
1421 2731 1519 2792 uerbis

386 2835 550 2911 discrepare
565 2835 761 2911 conspiciunt:
782 2853 937 2911 numquam
952 2837 1027 2896 enim
1040 2836 1075 2896 fit
1089 2835 1190 2897 efficax
1203 2833 1397 2910 praedicentia
1417 2835 1517 2894 aucto-
1527 2849 1552 2890 nc

387 2938 471 3012 ritas,
486 2936 545 2998 nisi
558 2955 622 2999 eam
636 2937 740 2998 edoctu
754 2937 849 3011 operis
863 2938 941 2998 cordi
956 2937 1088 2998 adfixerit
1102 2937 1253 3008 audientia,
1269 2936 1439 3012 praesertim
1454 2952 1518 2995 cum

387 3041 418 3100 et
431 3039 493 3115 ipse
508 3039 617 3114 doctor,
633 3037 701 3099 siin
712 3037 848 3100 uitiorum
858 3055 982 3100 amorem
993 3039 1127 3114 delapsus
1147 3038 1246 3111 inerit,
1260 3035 1381 3098 altanus
1392 3036 1518 3096 doctoris

386 3141 623 3202 medicamentum
643 3139 704 3201 auis
725 3140 892 3202 uulneribus
917 3141 1053 3202 adhibere
1074 3140 1273 3216 purnipendat.
1300 3139 1375 3199 unde
1402 3140 1432 3197 et
1455 3139 1517 3212 ipse

387 3241 526 3302 Dominus
540 3243 572 3301 in
585 3241 735 3316 euangelio
763 3243 799 3303 de
824 3241 954 3303 doctrine
967 3242 1075 3317 pariter
1099 3246 1129 3303 et
1153 3242 1227 3302 bono
1252 3255 1336 3316 opere
1362 3237 1518 3314 discipulos

455 3539 560 3611 Incipit
576 3540 610 3596 de
626 3539 767 3596 duodecim
784 3539 907 3594 abueiuis
925 3537 1025 3594 saeculi
1048 3539 1082 3604 0,
1104 3538 1207 3609 Incipit
1228 3537 1346 3607 epistula
1364 3539 1451 3593 macti
1468 3538 1521 3608 (iy-

387 3625 477 3696 priani
493 3625 622 3695 martyris
643 3625 676 3691 V,
699 3624 803 3695 Incipit
824 3623 934 3679 libellus
952 3624 1040 3680 sancti
1056 3623 1178 3694 Ciprisui
1194 3623 1313 3692 episcopi
1330 3622 1363 3678 de
1380 3622 1520 3678 ducdacIm

386 3711 508 3767 abueinis
525 3711 627 3767 saeculi
638 3713 674 3766 Σ
694 3741 727 3754 -
744 3710 761 3765 't
779 3711 828 3781 sic]
846 3710 945 3780 quibus
966 3711 993 3765 V
1057 3711 1132 3780 haec]
1151 3711 1223 3766 enim
1235 3711 1300 3767 cdd.
1317 3709 1376 3766 Ga.
1388 3711 1487 3768 tm

385 3796 791 3868 dperquaesaecnliceaX
857 3795 990 3851 ineuitV
1056 3795 1287 3866 dandragicom.
1312 3793 1338 3849 V
1406 3795 1478 3849 11a.
1498 3811 1520 3850 a.

385 3883 510 3953 operibus
527 3883 608 3938 bonis
630 3883 665 3948 θ,
682 3899 704 3938 a.
722 3898 744 3937 a.
762 3882 839 3938 bonis
856 3870 982 3952 operibus
999 3881 1030 3937 X
1034 3901 1044 3950 ,·
1061 3899 1112 3937 om.
1130 3883 1202 3938 cuae
1219 3887 1245 3938 et
1261 3881 1384 3952 relicuus
1400 3882 1520 3951 itemp-

385 3969 472 4024 uum
493 3967 535 4024 Vc
605 3968 639 4022 12
656 3968 753 4039 primo]
771 3969 874 4038 primus
892 3967 1030 4023 abusionis
1047 3967 1146 4038 gradus
1164 3971 1206 4022 eet
1225 3967 1284 4024 uic
1357 3967 1382 4021 ai
1399 3983 1486 4025 onec

387 4053 422 4108 14
438 4051 513 4108 dicta
529 4052 652 4110 iaceres
777 4055 812 4110 lb
827 4053 871 4124 iit]
888 4053 923 4108 dt
940 4055 996 4107 tam
1019 4053 1046 4107 V
1174 4051 1367 4124 praedicantia]
1385 4053 1518 4109 constitn-

387 4137 494 4194 entiac
574 4141 609 4196 ld
627 4139 798 4210 aamletiam
822 4138 848 4194 V
930 4139 1027 4194 adactu
1050 4139 1160 4195 G¹V¹X
1243 4137 1521 4201 ssawata&

387 4224 413 4278 si
430 4224 459 4279 in
476 4239 527 4280 om.
550 4225 577 4282 7
689 4239 778 4281 amora
797 4224 827 4280 X
949 4223 1071 4296 dilapsus
1092 4224 1144 4281 GK
1265 4225 1299 4280 18
1316 4221 1441 4279 adhiberi
1462 4225 1489 4279 V

387 4309 561 4382 paucipendit
578 4311 624 4370 Xo
728 4312 762 4367 19
778 4311 821 4383 de]
839 4327 899 4366 curn
916 4309 951 4365 de
971 4311 999 4365 V
