4016 5054
467 453 530 520 196
936 449 1122 522 appendix,

465 623 558 682 quae
579 605 731 668 uidetur
752 609 847 684 apud
867 607 1033 669 homiues
1054 611 1158 668 reota
1179 575 1278 668 essee
1311 607 1514 668 nouissime
1535 624 1598 668 au·

463 709 631 772 temeius
654 711 814 772 ueniunt
834 709 871 771 in
892 711 1112 786 protundum
1134 711 1344 774 interorum.

414 809 457 870 20
509 812 563 872 Sed
592 812 690 874 munt:
710 804 748 874 ‘si
767 814 803 874 de
829 814 885 874 luno
912 813 1109 875 oouiunotione
1139 813 1237 874 alonim
1264 814 1448 888 denotantur,
1478 813 1596 874 notandi

463 916 533 976 sunt
558 913 646 975 etiam
672 913 766 977 saneti
795 913 923 991 plerique
952 915 1116 990 nobiseum,
1153 915 1215 976 siue
1256 915 1357 976 Helias
1397 915 1448 990 qai
1488 913 1596 974 mansit

463 1015 540 1091 apud
560 1015 687 1090 uiduam,
710 1017 772 1078 siue
793 1016 916 1091 apostoli
930 1017 981 1092 qui
1002 1015 1137 1078 muliones
1151 1033 1247 1078 seeum
1268 1015 1386 1078 eomitm
1401 1014 1620 1076 eiroumdnoo·a

462 1115 543 1192 bant,
559 1120 592 1178 ut
606 1117 749 1179 Iohannes
764 1119 814 1194 qui
828 1123 949 1180 manem
963 1119 1077 1180 Domini
1091 1120 1249 1194 adsumpsit
1264 1121 1362 1181 eodem
1377 1117 1499 1180 Domino
1514 1116 1595 1178 dele·

463 1221 561 1293 ganto,
576 1223 627 1280 aut
637 1220 700 1294 ipse
711 1220 860 1294 Dominus,
875 1222 922 1282 oni
937 1221 972 1281 da
984 1222 1045 1282 suis
1055 1220 1243 1282 faoultatibus
1254 1221 1392 1281 adnuente
1406 1220 1596 1294 praestabant

463 1321 577 1396 aliquae
593 1321 728 1382 mulieres
742 1322 905 1397 religiosae,
921 1321 967 1382 eui
983 1323 1069 1384 etiam
1083 1323 1201 1383 limtlrn
1214 1321 1400 1382 ministrabat
1415 1323 1453 1381 ad
1467 1337 1595 1382 mensam

406 1459 407 1462 =
463 1426 493 1484 et
508 1423 557 1499 qni
572 1423 760 1500 singulariter
773 1423 886 1486 loeutus
899 1427 946 1486 est
959 1425 996 1486 ad
1010 1427 1129 1500 puteum
1144 1425 1246 1486 sedem
1272 1441 1336 1486 oum
1351 1422 1514 1497 alienigena
1530 1438 1595 1480 mu·

462 1525 533 1585 liene
548 1525 728 1588 &montana
752 1526 798 1586 uel
828 1527 876 1588 oui
900 1526 1076 1588 recumbenti
1101 1527 1209 1588 femina
1222 1525 1350 1587 laorimie
1364 1525 1452 1602 pedes
1475 1525 1550 1584 lauit
1564 1526 1635 1584 otro

462 1626 576 1702 capillis
591 1622 731 1690 extersit’.
758 1626 856 1688 oallidi
881 1630 1126 1704 argumenmores
1151 1631 1182 1688 et
1208 1628 1280 1688 iuris
1306 1626 1394 1703 periti
1408 1626 1528 1686 lalleoos
1543 1625 1595 1700 qni

462 1727 530 1788 durn
544 1729 664 1805 eupiunt
676 1729 885 1803 praeuarioari,
907 1730 1117 1792 oontrouersias
1143 1731 1324 1805 nationesque
1340 1745 1489 1790 sensatum
1505 1727 1594 1788 etiam

461 1831 526 1905 ipsa
539 1830 605 1892 iure
617 1832 829 1904 transuertunt,
844 1834 874 1892 et
889 1849 953 1892 oum
968 1831 1071 1892 nolunt
1084 1831 1302 1906 oonpetontibus
1317 1830 1441 1892 ooeroeri
1456 1828 1593 1890 iussioni·

462 1935 516 1994 bns
541 1933 656 2008 agan,
682 1933 719 1994 ad
743 1931 914 1994 inludendoa
936 1935 1044 1995 iudices
1068 1934 1334 1996 inoonuenientibne
1360 1932 1497 2007 exemplis
1512 1932 1596 1992 uelut

462 2033 572 2093 similae
586 2033 764 2094 oomeotnms
778 2033 852 2094 iuris
867 2035 1003 2096 obioiunt
1027 2035 1076 2110 qni
1091 2053 1141 2110 per
1156 2035 1333 2097 Salomonem
1348 2035 1439 2109 ipsius
1454 2033 1529 2108 legis
1544 2049 1631 2092 ea·1s

461 2135 587 2209 moesto
612 2135 788 2210 produntur:
818 2139 1006 2210 peooator,
1040 2136 1151 2213 inquit,
1181 2137 1283 2198 homo
1306 2137 1426 2196 euitat
1448 2149 1592 2208 eorrep-

460 2237 595 2298 tionem
618 2239 655 2296 et
676 2235 718 2297 ad
739 2237 971 2298 uoluntatem
995 2255 1094 2298 suam
1109 2235 1591 2310 inuenitoomparationem.

460 2337 534 2398 tales
548 2338 640 2411 igitur
654 2355 709 2398 non
724 2339 805 2411 prius
819 2355 870 2412 per
885 2339 1043 2400 orationem
1056 2340 1108 2399 sed
1122 2357 1173 2414 per
1183 2339 1389 2412 eorreptionem
1400 2338 1480 2413 prins
1495 2337 1592 2396 renin-

462 2439 545 2499 oendi
559 2441 643 2512 sunt,
670 2442 774 2499 utnon
789 2442 856 2500 ante
870 2441 1069 2514 interpretatis
1084 2440 1261 2501 orationibus
1280 2441 1479 2511 instruantur,
1507 2455 1591 2513 quam

463 2539 613 2600 amiserim
627 2540 704 2614 quod
719 2540 757 2600 ed
772 2541 946 2602 defensionis
961 2542 1097 2603 solacium
1107 2545 1315 2617 reppererunt:
1331 2543 1407 2601 siem
1420 2558 1473 2600 nos
1488 2541 1592 2600 eduer-
1601 2561 1631 2604 so

462 2658 511 2702 sue
538 2641 701 2702 huiusmodi
715 2642 846 2702 homines
861 2641 993 2704 Salomon
1007 2646 1106 2704 edocet
1132 2644 1247 2705 dicens:
1270 2642 1367 2716 noli,
1396 2641 1508 2716 inquit,
1538 2657 1590 2700 re·

462 2744 645 2818 spondere
667 2744 869 2817 insipienti
884 2746 929 2804 ad
950 2746 1362 2821 ipsiusinsipientiam,
1385 2761 1427 2804 ne
1451 2743 1593 2804 similis

463 2843 537 2904 lies
569 2842 649 2903 illi:
684 2846 745 2904 sed
767 2849 949 2920 responde
981 2847 1183 2922 insipienti
1206 2853 1336 2910 eontra
1358 2847 1478 2922 ipsius
1500 2845 1592 2905 insi-

461 2944 656 3020 pientiam,
679 2949 718 3004 nt
740 2963 809 3006 non
831 2947 1004 3008 uideatur
1025 2949 1099 3010 sibi
1114 2950 1264 3024 sapiens
1286 2965 1378 3008 esee.

411 3053 448 3113 21
503 3046 546 3108 Re
559 3063 628 3108 uera
642 3047 739 3124 magui
754 3049 883 3110 homines
898 3051 947 3125 qui
958 3066 990 3110 se
1004 3055 1170 3126 eomparant
1181 3052 1298 3125 sanetis,
1314 3054 1344 3111 et
1355 3050 1459 3110 eximia
1470 3064 1588 3110 oenum-
1598 3063 1628 3106 aa

460 3149 534 3208 satio
548 3151 736 3223 nostroquae
751 3152 900 3225 prophetis
915 3153 961 3212 uel
977 3154 1115 3227 apostolis
1129 3154 1260 3214 uideatur
1282 3153 1420 3227 aequalis.
1443 3153 1479 3212 ad
1507 3167 1590 3211 oooa·

459 3249 569 3310 monem
580 3250 711 3309 luxuriae
725 3254 840 3312 nostrae
856 3253 886 3312 in
900 3270 1066 3328 pernerenm
1081 3257 1196 3316 sanatos
1207 3255 1338 3316 nolumus
1353 3255 1460 3314 imitari
1471 3257 1502 3313 et
1513 3255 1589 3312 inter

459 3355 568 3412 eeteros
583 3355 665 3412 aetus
680 3353 804 3428 uestigia
818 3355 958 3416 iustorum
973 3357 1103 3417 nolumus
1120 3358 1210 3431 sequi.
1233 3359 1262 3417 in
1276 3359 1446 3432 quibusdam
1461 3356 1588 3416 infirmos

456 3469 510 3514 nos
538 3470 703 3514 excusamus
727 3455 764 3514 ad
793 3455 933 3519 imitanda
958 3458 1036 3518 faeta
1049 3459 1187 3519 maiorum
1201 3463 1233 3520 et
1255 3460 1285 3519 in
1299 3459 1366 3520 aliis
1381 3457 1514 3532 aequales
1536 3473 1589 3516 nos

524 3685 558 3738 16
576 3685 628 3739 Sir.
646 3685 681 3740 32
699 3687 762 3754 (35),
782 3687 823 3742 17.
926 3689 959 3744 21
978 3690 1057 3745 Pron.
1075 3691 1118 3755 26,
1135 3692 1161 3746 4.
1179 3692 1203 3746 5.

523 3889 541 3943 2
558 3889 725 3944 intomornm
742 3908 759 3947 o
868 3895 885 3947 4
903 3895 961 3949 eine
984 3895 1013 3961 0,
1031 3893 1136 3952 siouto
1245 3901 1262 3954 9
1279 3901 1313 3955 ad
1331 3904 1441 3969 puteum
1462 3919 1497 3957 ex
1513 3903 1586 3973 apud

454 3987 514 4028 eum
535 3974 641 4031 ΟΜ
743 3977 922 4049 alienigenam
939 3981 1081 4037 mulierem
1099 3985 1293 4040 aemamtanam
1310 3987 1343 4043 0¹
1449 3987 1482 4042 18
1500 3988 1585 4059 igitur

457 4060 487 4124 O,
506 4075 603 4130 ergon
688 4062 763 4132 prins
781 4079 827 4134 per
849 4065 878 4132 G,
896 4082 977 4136 paro
1066 4071 1258 4140 eorreptionem
1280 4073 1310 4139 0,
1329 4075 1551 4130 ooneetiouerno

453 4145 529 4214 prius
551 4147 593 4212 0¹,
612 4147 703 4216 potius
724 4149 776 4205 0²o
920 4155 954 4209 19
971 4155 1121 4210 rationibus
1143 4157 1166 4213 0
1305 4160 1341 4214 20
1359 4159 1518 4216 admiserint
1534 4181 1551 4216 o

454 4230 488 4286 22
505 4231 647 4303 insipienti
669 4233 739 4290 oto
755 4251 810 4294 roe.
829 4241 901 4294 nat
1025 4241 1059 4297 27
1078 4241 1106 4297 in
1129 4243 1188 4298 Ge.
1208 4245 1225 4298 l.
1349 4245 1421 4302 inter
1442 4245 1552 4316 (lino

453 4316 488 4371 29
505 4333 553 4373 nos
571 4319 695 4388 aequales
714 4337 730 4376 e
