4016 5054
436 313 498 378 160
910 307 1095 378 Appendin

434 467 579 540 pronitate
594 483 710 527 ooneum
724 484 782 527 nou
796 467 948 538 mnunlere,
963 466 1112 528 oetholieie
1127 483 1179 540 per
1193 465 1289 526 omniu
1302 463 1479 535 eonsentiro,
1507 463 1566 524 ileo

434 568 490 628 soli
502 569 669 640 adhaerere,
686 569 848 629 montem
859 569 988 630 internae
998 568 1103 629 montio
1117 567 1237 628 Domine
1250 567 1317 628 Ieeo
1328 566 1442 626 onusto
1453 565 1564 637 odierno,

436 671 1033 747 omniaoeeptoboneoperemortietentum
1040 669 1261 744 torminolinire,
1272 666 1565 744 prueoententribule·

435 774 529 834 tioneo
544 774 634 834 enimi
649 774 823 844 tortitudine
837 775 1053 849 penripendere,
1069 775 1099 834 in
1113 777 1192 834 terre
1207 775 1319 848 preeter
1334 770 1476 847 proximor
1490 767 1566 828 nihil

435 893 542 949 amere,
559 876 655 936 onneti
667 877 772 936 umoris
787 877 817 935 in
833 876 910 938 eaelo
924 877 1094 936 thesaurum
1108 875 1282 936 constituere
1296 875 1326 932 ot
1340 889 1391 947 pro
1406 871 1593 933 omnibonus

435 979 501 1036 autu
528 979 685 1038 mercedem
708 978 739 1038 iu
754 977 927 1038 oeoleotibus
951 977 1043 1039 uDeo
1056 993 1181 1052 operere.
1206 975 1348 1052 pudicitie
1372 974 1568 1034 ornamentum

435 1079 575 1140 nobilium
591 1081 655 1154 ent,
685 1079 824 1142 exultatio
845 1079 1011 1154 humilium,
1032 1079 1171 1140 nobiliter
1200 1077 1386 1154 ignobilium,
1407 1074 1572 1152 pulcritudo

437 1179 549 1253 uilium,
579 1182 756 1256 prosperitus
782 1183 982 1257 laborantium,
1012 1183 1139 1242 solamen
1159 1181 1357 1251 moerentium,
1382 1178 1569 1252 augmentum

436 1283 528 1342 omnio
542 1283 762 1357 pulcritudinis,
789 1285 875 1345 deone
900 1283 1062 1358 religionis,
1089 1283 1219 1345 defensio
1234 1283 1402 1352 eriminum,
1427 1277 1569 1352 multipli-

436 1384 709 1458 eatiomoritorum,
734 1387 870 1447 creatoris
885 1387 1008 1446 omnium
1022 1385 1076 1445 Dei
1087 1385 1224 1448 amicitie
1580 1399 1607 1438 ro

761 1571 931 1632 nolimve
960 1571 1047 1632 SINE
1072 1571 1245 1633 tmuium.

406 1733 425 1789 6
485 1720 589 1780 Soxtue
610 1723 758 1783 ebueionio
773 1720 881 1797 grodm
896 1725 941 1783 eet
956 1723 1086 1783 dominun
1101 1721 1163 1783 sine
1178 1724 1295 1795 uirtute,
1321 1722 1390 1795 quie
1414 1721 1488 1780 nihil
1502 1733 1569 1792 pro·

444 1821 505 1882 linit
528 1822 692 1884 dominandi
707 1825 813 1885 hebere
839 1827 1025 1901 potestatem,
1054 1824 1226 1885 eidominue
1251 1825 1314 1898 ipse
1339 1839 1399 1884 non
1424 1823 1529 1883 hebent
1542 1823 1573 1880 ot

435 1927 555 1986 uirtutis
569 1927 703 2001 rigorem.
720 1929 771 1988 eod
786 1927 835 1988 hio
843 1927 968 1987 uirtutis
982 1929 1061 2000 rigor
1076 1945 1131 1987 non
1154 1929 1214 1986 turn
1228 1927 1370 1986 exereitus
1389 1925 1567 1996 tortitudine,

436 2043 509 2099 quee
524 2031 554 2087 et
568 2028 633 2100 ipsa
647 2029 846 2088 eeeuulan'bue
862 2029 983 2088 dominio
998 2028 1160 2089 neooesnrie
1174 2031 1235 2100 eet,
1251 2027 1364 2101 indiget
1377 2043 1462 2101 quem
1476 2025 1601 2084 enimin

437 2126 601 2189 interiorem
612 2130 811 2190 fortitudinem
817 2147 869 2204 per
878 2132 1203 2190 bonoemereeexereere
1214 2125 1310 2188 debet.
1327 2145 1412 2200 seepe
1427 2127 1503 2189 enim
1517 2128 1568 2187 do·

438 2229 566 2290 minandi
580 2231 675 2290 uirtus
682 2248 734 2305 por
744 2231 832 2290 enimi
847 2231 1058 2306 neglegentium
1065 2231 1204 2306 perditur,
1221 2231 1410 2292 nieutinHeli
1424 2230 1570 2292 ouoerdote

438 2331 546 2392 ieotum
562 2332 654 2392 luisse
669 2333 879 2405 comprobatur.
904 2333 952 2405 qui
968 2333 1035 2393 dum
1046 2350 1097 2406 por
1111 2332 1296 2393 seueritatem
1310 2333 1408 2393 iudioii
1421 2335 1572 2408 peccantes

437 2432 513 2492 lilioe
528 2450 586 2492 non
601 2433 741 2507 ooereuit,
770 2449 868 2494 eorum
882 2434 1024 2494 uindietee
1044 2434 1183 2494 Dominus
1203 2435 1286 2495 uelut
1305 2433 1493 2495 eonsentienti
1512 2451 1568 2492 non

438 2535 575 2608 pepercit.
598 2535 657 2594 trin
671 2551 741 2609 ergo
757 2536 919 2596 necessarie
932 2553 980 2596 eoo
995 2536 1045 2611 qui
1059 2536 1241 2596 dominentur
1250 2536 1357 2597 hebere
1370 2539 1492 2610 oportet,
1507 2538 1567 2595 ter·
1578 2555 1605 2596 ro

437 2651 530 2695 rorem
542 2635 655 2696 scilieet
669 2640 699 2697 et
714 2636 920 2697 ordinationem
935 2640 964 2696 et
978 2653 1112 2696 umorem.
1142 2637 1200 2697 nisi
1222 2637 1298 2698 onim
1309 2640 1421 2698 emetur
1435 2637 1567 2698 dominun

437 2739 467 2796 et
481 2739 635 2810 metuatur,
651 2737 792 2798 ordinatio
804 2737 883 2799 illiue
894 2743 1024 2798 eonetmn
1034 2739 1150 2798 minime
1161 2739 1276 2813 poterit
1293 2739 1492 2813 perbenelioie
1503 2757 1571 2814 ergo

437 2841 466 2896 et
486 2837 687 2900 affabilitatem
718 2843 851 2916 proouret
870 2843 904 2901 ut
928 2840 1076 2915 diligetur,
1106 2841 1136 2900 et
1162 2859 1215 2916 per
1239 2842 1333 2903 iueteo
1350 2842 1494 2903 mndiotoe
1514 2860 1571 2903 nou

505 3163 672 3232 tinternne]
692 3167 849 3220 ueterneeo
957 3147 1010 3220 drTo
1044 3165 1100 3220 iesu
1121 3165 1214 3232 GXV,
1236 3166 1319 3222 deuo
1456 3169 1571 3236 tepere

437 3249 543 3304 benuo
635 3251 753 3320 tentum]
773 3251 863 3304 temen
883 3249 908 3303 G
925 3250 957 3304 in
974 3265 1030 3304 roe.
1123 3250 1296 3320 4negligere
1312 3252 1536 3323 puruipondereo

437 3334 523 3388 nilo
592 3335 784 3389 otheoeurum
802 3335 831 3389 in
848 3335 921 3390 ooelo
937 3350 962 3398 o,
980 3351 1046 3404 opue
1063 3335 1092 3390 in
1110 3335 1213 3390 eoelum
1230 3336 1263 3390 X
1328 3337 1398 3391 bono
1417 3336 1489 3391 omni
1512 3337 1538 3391 V

437 3418 556 3474 dedeo
573 3419 602 3472 in
622 3418 817 3474 eedoetibuoo
913 3417 1052 3489 pudicitie]
1071 3435 1160 3488 uemq.
1179 3420 1244 3475 odd
1266 3422 1379 3476 GM
1469 3420 1568 3476 duili-

436 3505 491 3574 um]
510 3502 677 3559 debiliumo
780 3501 938 3559 domnibue
954 3504 1202 3574 pulchritudinibus
1220 3505 1252 3560 X
1348 3505 1383 3560 14
1398 3508 1428 3561 et
1444 3506 1567 3576 uirtutis]

436 3589 585 3644 uirtutieo
678 3590 811 3643 exereitus
829 3591 868 3656 X,
886 3589 1043 3642 exteriorio
1134 3589 1309 3646 fortitudine·
1330 3591 1356 3644 Θ
1447 3592 1481 3644 lo
1497 3591 1567 3645 iudi·

436 3676 483 3742 get
500 3689 588 3728 oeno
703 3673 737 3727 16
755 3673 878 3727 interiori
896 3672 1055 3728 fortitudine
1071 3691 1096 3742 o,
1113 3673 1276 3730 fortitudine
1293 3690 1362 3744 quee
1378 3673 1411 3728 X
1519 3692 1567 3745 per

435 3758 518 3812 bonos
535 3773 622 3812 moroe
639 3773 690 3813 om.
709 3775 734 3823 o,
752 3773 800 3828 per
817 3758 899 3814 bonon
916 3758 948 3813 X
1027 3761 1140 3815 ueremi
1159 3760 1207 3815 Xo
1294 3761 1327 3815 1‘1
1345 3761 1432 3815 uirtus
1450 3776 1536 3817 orto

436 3844 565 3913 perditur]
585 3843 716 3898 tortitudo
734 3843 833 3898 addo
971 3845 1005 3898 18
1022 3845 1079 3915 qui]
1097 3845 1142 3899 oui
1160 3845 1190 3898 X
1206 3844 1264 3900 eod„
1281 3860 1351 3900 eorr.
1481 3861 1528 3915 por
1545 3863 1565 3900 e.

435 3928 539 3999 iudicii]
559 3929 704 3983 reueriteto
721 3928 852 3984 indicito
975 3929 1008 3982 19
1025 3929 1054 3984 in
1071 3946 1196 3985 eorumo
1320 3928 1442 3984 uindiotu
1459 3930 1534 3985 XVo

435 4015 498 4082 non]
517 4013 643 4068 ferociter
660 4029 749 4069 nono
870 4013 905 4070 20
921 4015 974 4084 eoo]
993 4015 1043 4068 hoo
1067 4013 1108 4072 Vo
1230 4014 1264 4069 21
1282 4014 1406 4070 dominun
1422 4015 1524 4084 puriter
1540 4033 1566 4081 o,

435 4114 486 4154 om.
503 4101 536 4154 in
553 4115 609 4155 rue.
629 4100 660 4154 Χ
757 4099 792 4152 22
809 4099 895 4170 illino]
914 4099 977 4158 eius,
993 4099 1025 4164 V,
1044 4099 1136 4155 illiso
1233 4103 1357 4170 poteeto
1453 4100 1488 4157 23
1505 4101 1569 4156 elle-

436 4183 573 4239 bilitetem
590 4184 633 4238 X¹
