4016 5054
705 397 749 451 Dc
767 395 903 466 duplici
921 395 1087 464 martyrio
1106 412 1127 450 c
1148 394 1257 449 14-17.
1485 395 1545 462 231

413 556 542 628 gentium
558 555 665 615 doctor.
695 556 749 613 boc
770 557 800 613 et
815 555 851 612 ad
867 558 1010 627 martyres
1025 557 1102 612 recte
1117 552 1393 612 accommodabitur:
1419 552 1482 610 uite
1502 551 1550 608 in-

414 657 498 717 firme
510 662 540 717 et
556 659 714 729 mummia,
741 674 818 716 mors
833 655 935 731 graus
950 673 984 716 uc
999 659 1111 730 potens.
1134 655 1192 716 iam
1215 672 1273 715 non
1299 657 1345 714 est
1357 671 1411 728 par
1423 654 1549 714 omnium

411 763 569 834 marinam
580 760 610 818 in
626 759 778 820 tormentis
793 759 939 830 alacritas,
955 759 1192 832 quemadmodum
1207 775 1261 818 nec
1275 771 1374 817 omnes
1387 758 1486 816 amem
1497 773 1548 830 ge·

412 875 482 920 nere
497 862 596 922 mortis
611 861 814 937 defunguntur.
830 861 952 922 tresilli
967 861 1046 922 beati
1060 861 1142 936 pueri
1157 862 1187 920 in
1201 860 1305 920 mediis
1321 859 1444 919 dammis
1466 861 1549 918 inne·

390 977 483 1023 onere
497 963 680 1037 refrigerium
695 967 726 1022 et
740 963 816 1038 septi
829 965 952 1025 innocuo
967 964 1108 1024 elemento
1122 965 1203 1023 uelut
1218 963 1248 1021 in
1263 963 1392 1022 conclaui
1407 962 1549 1022 canebant

410 1065 547 1140 hymnum
562 1063 690 1124 Domino.
712 1065 816 1126 Daniel
830 1067 901 1126 item
916 1067 991 1126 citra
1004 1083 1108 1126 noxam
1124 1066 1239 1125 leonum
1253 1063 1389 1125 sodalitio
1409 1066 1455 1124 est
1469 1081 1548 1123 usus

409 1165 512 1226 beatus
526 1167 666 1240 Andreas,
689 1171 723 1226 nt
736 1169 826 1228 habet
840 1169 966 1228 hnmana
980 1169 1094 1243 quidem
1110 1167 1241 1238 historia,
1258 1167 1308 1226 aad
1323 1165 1398 1225 satis
1411 1165 1549 1240 probatae

410 1267 486 1341 fidei,
502 1269 632 1341 gaudem
646 1269 758 1344 sibique
774 1269 926 1345 gratulans
942 1272 1005 1330 ibat
1019 1271 1056 1330 ad
1071 1285 1193 1330 crucem.
1209 1267 1259 1328 alii
1274 1267 1398 1328 diutinis
1412 1285 1447 1328 ac
1456 1268 1547 1327 uariis

408 1370 583 1429 cruciatibus
597 1371 718 1432 subinde
733 1373 894 1433 moriuntur
909 1389 961 1432 neo
977 1376 1074 1433 umen
1088 1375 1179 1432 morto
1195 1373 1282 1432 datur
1303 1369 1386 1430 linire
1408 1370 1545 1431 dolorem.

376 1485 401 1524 ιο
410 1474 456 1530 est
470 1473 561 1546 igitur
575 1477 606 1532 et
620 1474 693 1534 illud
708 1476 770 1535 ueri
792 1477 930 1549 martyris
945 1478 999 1536 hoc
1024 1491 1136 1550 qnoque
1151 1477 1243 1534 totum
1260 1473 1381 1532 arbitrio
1398 1471 1451 1531 Dei
1466 1489 1546 1532 com·

409 1574 532 1634 mittere.
555 1575 637 1634 nouit
651 1575 701 1636 ille
716 1576 786 1650 quid
801 1577 936 1652 expediat
950 1577 1035 1637 nobis
1058 1577 1171 1650 etquid
1187 1576 1224 1636 ad
1239 1574 1332 1650 ipsius
1347 1575 1469 1649 gloriam
1484 1591 1548 1634 ma·

408 1675 483 1735 ximo
498 1676 677 1736 conducibile
692 1678 741 1739 sit.
765 1681 879 1738 mutum
895 1679 967 1737 illud
982 1679 1098 1738 assidue
1113 1678 1296 1752 cogitandum
1311 1679 1371 1736 est:
1399 1676 1479 1735 siue
1494 1677 1547 1735 ui-

405 1777 528 1836 uimus
556 1778 637 1838 siue
658 1779 848 1852 morimur,
883 1779 1027 1840 Domini
1062 1798 1196 1841 sumus.
1227 1797 1280 1839 neo
1308 1778 1366 1838 sibi
1395 1777 1548 1852 quisquam

407 1879 571 1954 displiceat,
597 1882 623 1939 si
650 1899 766 1955 corpore
792 1884 904 1958 pariter
919 1891 949 1943 et
964 1885 1060 1944 animo
1087 1884 1195 1944 sentiat
1216 1897 1334 1958 manem
1356 1899 1391 1940 ac
1404 1880 1546 1940 diutinam

371 1981 585 2054 concientiam,
616 1986 728 2043 mutum
752 1985 824 2045 neat
848 1986 876 2045 ei
901 1987 946 2045 cui
964 1991 1064 2046 certat.
1096 1987 1129 2044 is
1151 2003 1219 2046 uon
1242 1983 1411 2058 patietur
1432 1999 1545 2056 quem·

405 2101 507 2158 quam
529 2087 673 2146 tentari
696 2105 809 2162 supra
841 2089 877 2147 id
911 2090 1005 2163 quod
1040 2091 1181 2162 potest,
1210 2089 1272 2148 sed
1295 2087 1413 2146 iaciat
1434 2084 1546 2144 etiam

405 2201 480 2245 cum
504 2189 718 2248 tentatione
741 2194 973 2263 prouentum.
997 2193 1136 2267 quosdam
1151 2191 1258 2250 electos
1272 2187 1418 2248 interdum
1431 2187 1545 2260 patitur

403 2287 434 2347 in
449 2289 601 2348 tormentis
615 2290 746 2364 delicere,
762 2295 795 2350 ut
809 2296 970 2366 agnoscant
981 2293 1210 2353 imbecillitatem
1222 2309 1313 2362 suam,
1329 2293 1416 2363 atqup
1427 2289 1552 2371 eosdem

403 2392 469 2462 post
483 2390 655 2451 fortissimos
670 2392 766 2452 reddit
779 2394 810 2451 in
825 2395 992 2453 certamine.
1008 2395 1062 2454 hac
1077 2393 1291 2468 impensatione
1305 2393 1409 2450 Petrus
1423 2393 1470 2448 ter
1485 2389 1538 2447 ab·

368 2494 524 2566 mnegamt
538 2494 699 2566 Dominum,
726 2499 760 2552 ut
774 2495 894 2556 edoctus
909 2513 995 2569 quiam
1022 2497 1096 2556 nibil
1110 2501 1209 2570 posset
1234 2496 1295 2555 suis
1311 2493 1423 2554 uiribus
1438 2490 1540 2552 confir·
1613 2521 1615 2524 ·

403 2598 495 2654 maret
510 2595 615 2654 iratres
630 2613 706 2656 suos.
733 2600 873 2671 quomodo
889 2601 986 2658 autem
1001 2599 1202 2658 confirmaret?
1229 2603 1262 2656 ut
1277 2597 1333 2656 sibi
1348 2594 1438 2654 diffisi
1465 2593 1538 2652 lidu-

402 2696 477 2754 ciam
492 2713 602 2756 omnem
616 2696 790 2758 collocarent
805 2699 835 2757 in
847 2699 979 2759 Domino,

447 2799 503 2859 Sed
518 2799 575 2858 mm
590 2803 704 2874 tempus
720 2805 780 2873 cst,
796 2806 829 2861 ut
845 2801 881 2860 de
895 2801 989 2862 altero
1010 2804 1142 2877 martyrii
1157 2819 1259 2878 genere
1274 2801 1450 2863 disseramus
1470 2797 1587 2859 cari-17

405 2901 461 2960 tati
476 2905 553 2972 tuae,
570 2903 605 2961 de
617 2919 674 2976 quo
686 2903 773 2962 etiam
790 2905 953 2964 accuratius
968 2909 1013 2964 est
1028 2907 1241 2978 disputandum,
1256 2905 1331 2978 quod
1346 2901 1490 2962 occultum
1505 2901 1545 2962 sit

370 3015 396 3056 as
406 3004 437 3061 et
446 3002 572 3062 omniurn
587 3006 747 3077 temporum
758 3021 922 3066 commune:
940 3023 1031 3081 neque
1047 3007 1122 3068 enim
1135 3023 1247 3081 semper
1257 3005 1390 3066 saeuiunt
1400 3003 1542 3076 Nerones,

403 3103 587 3177 Diocletiani,
602 3105 683 3166 Decii
693 3123 728 3165 ac
738 3107 904 3167 Maximini:
922 3126 1078 3184 numquam
1093 3113 1189 3168 mmen
1205 3111 1298 3167 cessat
1311 3107 1443 3166 diabolus
1458 3122 1542 3166 erer-

406 3221 471 3266 cere
486 3205 594 3266 Christi
609 3207 745 3268 militiam
759 3209 914 3284 professos.
943 3213 973 3270 et
997 3212 1132 3272 fortassis
1157 3213 1240 3272 erunt
1270 3209 1389 3284 posthac
1415 3210 1540 3269 donante

404 3307 519 3367 cbristo
535 3312 674 3383 tempora,
701 3311 807 3383 quibus
831 3313 929 3372 nullae
956 3319 1141 3387 tyrannorum
1167 3313 1381 3386 persecutiones
1407 3310 1543 3386 affligent

404 3408 569 3471 ecclesiam:
591 3429 746 3488 numquam
761 3415 859 3474 umen
874 3414 1011 3475 detectura
1025 3419 1095 3476 sunt
1110 3415 1276 3488 certamus,
1293 3431 1447 3488 numquam
1462 3431 1540 3472 mar·

370 3511 482 3586 satyria
495 3513 601 3586 quibus
616 3514 745 3575 homines
759 3515 801 3591 pii
816 3517 981 3590 glorificent
996 3518 1098 3577 Deum.
1127 3517 1248 3578 ecclesia
1262 3517 1376 3591 quidem
1392 3516 1486 3577 adbuc
1509 3515 1538 3573 in

402 3613 458 3672 boc
472 3613 573 3674 exsilio
590 3615 720 3676 militans
742 3618 938 3691 peculiaribus
953 3619 1069 3693 gaudiis
1084 3619 1234 3694 applaudit
1249 3619 1302 3690 iis,
1317 3621 1366 3694 qm
1382 3621 1412 3676 in
1427 3618 1539 3693 proies·

403 3715 483 3776 sione
505 3717 628 3776 nominis
642 3718 710 3779 Iesu
733 3719 844 3780 animas
866 3738 934 3782 suas
956 3721 1082 3782 fideliter
1104 3723 1305 3797 deposuerunt,
1331 3725 1362 3782 et
1387 3722 1423 3781 ad
1439 3722 1543 3781 borum

403 3819 555 3880 memorias
569 3837 754 3893 magnacum
769 3823 922 3883 alacritate
936 3826 1132 3885 concurritur:
1161 3826 1212 3884 sed
1239 3825 1362 3884 caeleste
1383 3825 1540 3894 theatrum,

403 3920 569 3995 angelorum
585 3922 729 3998 myriades
744 3927 775 3982 et
788 3925 930 3984 iustorum
951 3942 1016 3986 cum
1041 3925 1155 3986 christo
1177 3926 1360 4000 regnantium
1375 3926 1539 3984 innumera-

369 4023 474 4086 eebilis
488 4025 610 4099 populus
636 4027 818 4101 applaudunt
844 4029 988 4102 omnibus,
1019 4029 1069 4103 qni
1090 4028 1229 4090 sinceram
1246 4029 1329 4089 iidem
1346 4031 1375 4087 et
1390 4026 1539 4088 mutatam

473 4277 506 4330 12
524 4277 598 4331 uon.
620 4280 660 4340 14,
679 4281 703 4332 8.
812 4279 876 4332 151
895 4277 954 4332 cor.
974 4281 1015 4344 10,
1035 4281 1080 4334 13.
