4000 5066
921 397 1106 467 appendis.

614 923 709 1022 XV.
741 923 814 1022 Dii
846 921 1064 1022 Pascua
1097 919 1401 1022 COMPVTVS.

417 1336 434 1394 1
487 1317 585 1400 Multo
599 1339 715 1414 quidem
729 1355 785 1399 nou
802 1338 912 1399 modico
926 1341 1054 1414 tempore
1068 1339 1147 1398 auxii
1155 1337 1278 1414 suimus
1294 1342 1324 1400 et
1338 1343 1506 1400 aestuantes
1520 1354 1576 1396 uon

445 1439 475 1499 in
495 1441 692 1501 saecularibus
719 1441 821 1500 sedin
846 1440 955 1500 sanctis
976 1443 1006 1499 et
1032 1439 1137 1500 diuinis
1163 1439 1314 1514 scripturis
1335 1443 1505 1515 quaerentes
1529 1440 1576 1499 iu·
1608 1481 1611 1486 -

445 1542 554 1614 uenire,
580 1542 711 1617 quisnam
734 1545 812 1601 esset
838 1541 948 1615 primus
964 1541 1025 1600 dies
1040 1541 1107 1602 noui
1121 1541 1236 1612 mensis,
1263 1542 1293 1600 in
1308 1558 1364 1615 quo
1379 1557 1476 1601 mense
1490 1557 1577 1614 prae·

443 1647 556 1718 ceptum
572 1645 617 1704 est
631 1643 747 1703 Iudaeis
761 1645 792 1702 in
806 1644 939 1718 Aegypto
964 1659 1017 1717 pro
1031 1643 1118 1701 XIIII
1132 1644 1201 1703 luna
1215 1643 1360 1702 immolare
1376 1643 1497 1702 Pascha.
1522 1643 1596 1702 ad·a

446 1744 511 1804 nuit
524 1745 622 1821 itaqua
636 1745 836 1805 sanctissimus
851 1745 902 1819 qui
916 1745 946 1804 id
960 1744 1051 1817 uidit,
1065 1745 1095 1803 et
1110 1743 1279 1804 iuuenimus.
1302 1745 1465 1805 inueuimus
1479 1748 1575 1805 autem

446 1862 498 1920 per
523 1845 615 1919 ipsius
638 1847 841 1922 omnipotentis
856 1846 911 1907 Dei
925 1846 1018 1921 patris
1033 1846 1200 1906 immensam
1213 1845 1373 1906 bonitatem
1388 1849 1419 1906 et
1432 1846 1577 1906 iustitiam

445 1951 475 2008 et
490 1949 599 2010 christi
624 1949 678 2010 filii
693 1951 755 2010 eius
770 1948 884 2010 Domini
900 1952 929 2008 et
945 1947 999 2008 Dei
1024 1947 1115 2008 nostri
1138 1946 1354 2022 incomparabili
1369 1947 1575 2020 misericordia

446 2051 496 2125 qui
521 2053 638 2124 propter
664 2055 783 2125 peccata
810 2053 909 2110 nostra
934 2050 1091 2111 obaudiens
1115 2065 1166 2109 auo
1191 2050 1269 2124 patri
1294 2051 1427 2124 exposuit
1452 2049 1577 2110 animam

445 2169 541 2211 suam:
564 2169 629 2212 cum
655 2171 712 2228 qua
738 2169 892 2228 resurgens
919 2171 937 2212 a
962 2152 1082 2212 mortuis
1109 2151 1155 2211 die
1178 2152 1264 2212 tortia
1289 2151 1436 2226 pollicitus
1462 2155 1508 2212 est
1530 2150 1576 2210 di-
1589 2175 1615 2214 ro

446 2253 592 2314 scentibns
606 2254 667 2313 suls
681 2254 774 2314 uitam
788 2257 933 2314 aeternam
948 2256 978 2313 et
992 2254 1072 2314 dedit
1086 2253 1193 2334 pignus
1206 2253 1327 2328 spiritus
1342 2253 1437 2314 sancti
1451 2254 1576 2326 gratiam

445 2355 628 2414 credentibus
650 2356 680 2413 iu
701 2356 835 2430 passione
858 2357 888 2415 et
913 2356 1122 2415 resurrectione
1147 2373 1207 2414 sua.
1231 2355 1261 2413 iu
1285 2371 1340 2430 quo
1368 2355 1489 2430 spiritus
1515 2355 1576 2428 ipse

445 2454 584 2516 Dominus
599 2457 764 2516 uolentibus
779 2457 809 2516 id
824 2461 871 2516 est
885 2457 957 2517 totis
972 2456 1039 2516 fidei
1054 2456 1164 2516 uiribus
1179 2457 1384 2531 quaerentibus
1405 2458 1497 2516 sennis
1515 2457 1576 2516 suis

445 2558 557 2617 reuelat
571 2559 631 2617 ulta
645 2559 782 2632 mysteria
797 2561 826 2618 et
842 2559 1010 2619 manifestat
1025 2559 1145 2620 obscura
1165 2563 1350 2618 sacramenta.
1374 2577 1408 2618 ao
1423 2561 1575 2632 propterea

436 2660 594 2720 credentes
609 2663 640 2718 et
653 2677 705 2733 pro
725 2662 804 2721 certo
828 2661 953 2720 suenus
968 2661 1037 2734 quia
1051 2660 1124 2719 nihil
1140 2663 1263 2734 denegat
1277 2659 1366 2733 Deus,
1392 2662 1444 2720 sed
1459 2661 1573 2721 unicui·
1588 2681 1611 2720 sa

445 2777 500 2834 que
524 2761 634 2822 uolenti
658 2764 688 2821 et
710 2761 884 2822 desideranti
907 2763 1036 2836 praestat
1051 2761 1137 2822 sicuti
1157 2766 1187 2821 et
1207 2762 1286 2835 uult,
1314 2762 1508 2822 commisimus
1522 2779 1575 2823 uos

446 2861 477 2920 in
504 2877 564 2921 rem
590 2865 649 2922 tam
676 2863 865 2923 laboriosam:
888 2863 918 2922 in
941 2881 998 2938 qua
1019 2880 1050 2923 re
1065 2881 1121 2922 nou
1136 2864 1266 2924 derelicti
1282 2865 1334 2924 sed
1349 2863 1447 2938 potius
1462 2863 1498 2922 ab
1513 2865 1576 2938 ipso

443 2963 503 3022 Deo
518 2961 651 3038 inspirati
666 2963 800 3024 uolumus
816 2965 979 3024 amantibus
995 2967 1025 3025 et
1040 2966 1240 3039 adpetentibus
1255 2965 1351 3025 studia
1366 2965 1466 3025 diuina
1480 2971 1577 3026 osten·

512 3245 622 3304 Caecilii
645 3247 774 3317 Cypriani
799 3248 832 3301 de
858 3249 957 3316 pascha
982 3256 1118 3317 compotus
1142 3249 1250 3302 inchoat
1268 3251 1292 3312 b,
1319 3249 1422 3318 Incipit
1445 3251 1576 3320 expositio

443 3332 598 3389 bissextis.
628 3333 738 3403 (litamus
769 3333 833 3388 UG
853 3332 889 3387 W
915 3333 1087 3388 coamctmas
1115 3333 1218 3388 Uesuuii
1245 3335 1325 3388 Galee'
1354 3335 1477 3390 Wulla'ee'e'
1506 3336 1576 3390 desi-

441 3421 552 3489 pauua).
571 3448 602 3458 -
621 3419 639 3473 2
656 3419 758 3473 multae
775 3435 799 3483 c,
818 3419 900 3473 multi
922 3418 948 3474 G
1069 3434 1122 3472 uon
1140 3419 1241 3473 modico
1259 3435 1311 3473 oua
1328 3423 1383 3474 oG
1504 3421 1576 3474 esurii

443 3503 544 3558 fuimus
562 3507 590 3559 et
614 3507 652 3571 W,
670 3521 716 3559 au.
734 3503 789 3558 XII
807 3507 836 3558 et
853 3505 877 3568 b,
896 3518 1026 3558 annorum
1044 3521 1067 3570 c,
1085 3505 1301 3572 antiquorumG
1429 3507 1535 3560 4easet
1553 3507 1576 3568 b,

443 3589 480 3643 sit
498 3605 541 3645 co
655 3589 794 3644 §iudaeis
811 3589 898 3644 ouab
1020 3592 1150 3659 aqumta
1168 3589 1271 3644 decima
1288 3590 1353 3644 iuna
1370 3590 1542 3645 immolarib

441 3675 459 3727 6
478 3675 664 3730 sanctissimus
688 3676 731 3740 W,
749 3677 858 3729 sanctus
875 3691 935 3728 sum
954 3692 977 3738 e,
996 3679 1104 3729 sanctus
1122 3676 1138 3728 b
1270 3674 1298 3728 id
1316 3674 1387 3730 uidit
1412 3676 1455 3739 W,
1472 3675 1578 3730 diuidet

441 3776 465 3826 c,
483 3759 588 3814 uiditb
681 3765 709 3814 et
726 3759 881 3814 inuenimus
898 3775 985 3814 om.u
1077 3759 1243 3814 inueniemus
1261 3761 1384 3816 auterno
1477 3761 1576 3830 8filii]

442 3845 579 3902 feliciuac
687 3843 924 3914 incomparabilem
944 3845 1153 3900 misericordiam
1172 3861 1213 3900 oo
1321 3845 1482 3900 antediem
1500 3863 1544 3903 oc

442 3929 478 3985 10
495 3929 658 3985 discentibus
676 3931 701 3996 b,
718 3929 859 4000 discipulis
878 3946 922 3986 cu
1054 3931 1087 3983 ll
1107 3930 1203 4000 pignus
1220 3945 1304 3986 oruc
1439 3931 1474 3985 12
1492 3947 1532 4000 sp.
1552 3948 1575 3996 c,
1662 3989 1664 4000 1

443 4015 590 4084 spirituso
706 4016 739 4070 14
756 4016 815 4069 alta
833 4032 917 4072 orac
1033 4015 1210 4070 manifestat
1325 4017 1366 4086 ac]
1384 4016 1449 4072 haec
1467 4019 1578 4086 (potius

442 4101 523 4173 bacl)
541 4119 556 4158 c
573 4109 599 4159 at
616 4104 655 4158 aio
673 4104 819 4174 dogmatico
836 4119 889 4172 pro
907 4120 939 4158 ac
1094 4103 1128 4157 lc
1145 4103 1325 4158 commisimus
1345 4103 1370 4168 b,
1389 4104 1536 4159 sumsimus
1554 4119 1577 4167 o,

442 4189 626 4244 consensimus
647 4190 671 4244 G
805 4191 838 4244 17
858 4189 994 4244 derelictis
1012 4190 1028 4244 b
1161 4190 1195 4245 18
1212 4191 1342 4260 insperati
1361 4207 1384 4256 o,
1402 4190 1529 4260 inspirati
1547 4197 1576 4247 et

442 4273 593 4330 illuminati
610 4275 626 4330 b
781 4275 972 4344 adpetentibus
989 4275 1013 4339 b,
1032 4274 1222 4345 apparentibus
1240 4292 1264 4341 o,
1282 4274 1496 4346 approbantibus
1518 4279 1541 4331 G
