<?xml version="1.0" encoding="UTF-8"?>
<!DOCTYPE html PUBLIC "-//W3C//DTD XHTML 1.0 Transitional//EN"
    "http://www.w3.org/TR/xhtml1/DTD/xhtml1-transitional.dtd">
<html xmlns="http://www.w3.org/1999/xhtml" xml:lang="en" lang="en">
 <head>
  <title>
</title>
<meta http-equiv="Content-Type" content="text/html;charset=utf-8" />
  <meta name='ocr-system' content='tesseract 3.04.00' />
  <meta name='ocr-capabilities' content='ocr_page ocr_carea ocr_par ocr_line ocrx_word'/>
</head>
<body>
  <div class='ocr_page' id='page_1' title='image "./sthascicaecilic02cyprgoog_0312.png"; bbox 0 0 4016 5054; ppageno 0'>
   <div class='ocr_carea' id='block_1_1' title="bbox 633 426 1536 504">
    <p class='ocr_par' dir='ltr' id='par_1_1' title="bbox 633 426 1536 504">
     <span class='ocr_line' id='line_1_1' title="bbox 633 426 1536 504; baseline -0.007 -15"><span class='ocrx_word' id='word_1_1' title='bbox 633 435 681 489; x_wconf 88' lang='lat' dir='ltr'><strong>De</strong></span> <span class='ocrx_word' id='word_1_2' title='bbox 698 431 952 504; x_wconf 80' lang='lat' dir='ltr'><strong>singuleritetc</strong></span> <span class='ocrx_word' id='word_1_3' title='bbox 969 428 1173 484; x_wconf 86' lang='lat' dir='ltr'><strong>clericorum</strong></span> <span class='ocrx_word' id='word_1_4' title='bbox 1191 443 1213 482; x_wconf 88' lang='lat' dir='ltr'><strong>o.</strong></span> <span class='ocrx_word' id='word_1_5' title='bbox 1233 426 1310 482; x_wconf 82' lang='grc'>7-8.</span> <span class='ocrx_word' id='word_1_6' title='bbox 1476 426 1536 493; x_wconf 90' lang='grc'><strong>181</strong></span> 
     </span>
    </p>
   </div>
   <div class='ocr_carea' id='block_1_2' title="bbox 373 583 1575 3009">
    <p class='ocr_par' dir='ltr' id='par_1_2' title="bbox 373 583 1575 3009">
     <span class='ocr_line' id='line_1_2' title="bbox 404 583 1539 663; baseline -0.011 -9"><span class='ocrx_word' id='word_1_7' title='bbox 404 594 558 654; x_wconf 83' lang='lat' dir='ltr'><strong>confltetur</strong></span> <span class='ocrx_word' id='word_1_8' title='bbox 571 608 629 652; x_wconf 90' lang='lat' dir='ltr'><strong>nou</strong></span> <span class='ocrx_word' id='word_1_9' title='bbox 644 593 713 651; x_wconf 82' lang='lat' dir='ltr'><strong>anto</strong></span> <span class='ocrx_word' id='word_1_10' title='bbox 728 606 825 652; x_wconf 83' lang='lat' dir='ltr'><strong>omnes</strong></span> <span class='ocrx_word' id='word_1_11' title='bbox 840 585 1019 663; x_wconf 77' lang='lat' dir='ltr'><strong>impleuerit,</strong></span> <span class='ocrx_word' id='word_1_12' title='bbox 1041 601 1077 645; x_wconf 88' lang='lat' dir='ltr'><strong>uo</strong></span> <span class='ocrx_word' id='word_1_13' title='bbox 1100 583 1301 645; x_wconf 70' lang='lat' dir='ltr'><strong>christianitas</strong></span> <span class='ocrx_word' id='word_1_14' title='bbox 1322 583 1454 644; x_wconf 72' lang='lat' dir='ltr'><strong>medetur</strong></span> <span class='ocrx_word' id='word_1_15' title='bbox 1475 600 1539 645; x_wconf 90' lang='lat' dir='ltr'><strong>esso</strong></span> 
     </span>
     <span class='ocr_line' id='line_1_3' title="bbox 404 686 1541 762; baseline -0.006 -8"><span class='ocrx_word' id='word_1_16' title='bbox 404 694 523 756; x_wconf 80' lang='lat' dir='ltr'><strong>taliceio</strong></span> <span class='ocrx_word' id='word_1_17' title='bbox 537 696 567 755; x_wconf 88' lang='lat' dir='ltr'><strong>et</strong></span> <span class='ocrx_word' id='word_1_18' title='bbox 581 693 742 755; x_wconf 75' lang='lat' dir='ltr'><strong>moechatio</strong></span> <span class='ocrx_word' id='word_1_19' title='bbox 759 692 891 753; x_wconf 80' lang='lat' dir='ltr'><strong>uideatur</strong></span> <span class='ocrx_word' id='word_1_20' title='bbox 914 687 1080 751; x_wconf 73' lang='lat' dir='ltr'><strong>sanctitatis</strong></span> <span class='ocrx_word' id='word_1_21' title='bbox 1100 688 1263 748; x_wconf 78' lang='lat' dir='ltr'><strong>uelamento</strong></span> <span class='ocrx_word' id='word_1_22' title='bbox 1278 686 1396 748; x_wconf 83' lang='lat' dir='ltr'><strong>uestita.</strong></span> <span class='ocrx_word' id='word_1_23' title='bbox 1422 688 1541 762; x_wconf 83' lang='lat' dir='ltr'><strong>proptor</strong></span> 
     </span>
     <span class='ocr_line' id='line_1_4' title="bbox 404 789 1542 871; baseline -0.008 -14"><span class='ocrx_word' id='word_1_24' title='bbox 404 797 481 871; x_wconf 89' lang='lat' dir='ltr'><strong>quod</strong></span> <span class='ocrx_word' id='word_1_25' title='bbox 494 796 634 857; x_wconf 86' lang='lat' dir='ltr'><strong>Dominus</strong></span> <span class='ocrx_word' id='word_1_26' title='bbox 649 797 681 857; x_wconf 94' lang='lat' dir='ltr'><strong>iu</strong></span> <span class='ocrx_word' id='word_1_27' title='bbox 701 795 852 870; x_wconf 76' lang='lat' dir='ltr'><strong>euangelio</strong></span> <span class='ocrx_word' id='word_1_28' title='bbox 872 794 914 853; x_wconf 87' lang='lat' dir='ltr'><strong>sic</strong></span> <span class='ocrx_word' id='word_1_29' title='bbox 935 791 1101 867; x_wconf 81' lang='lat' dir='ltr'><strong>praemonet</strong></span> <span class='ocrx_word' id='word_1_30' title='bbox 1122 790 1235 850; x_wconf 85' lang='lat' dir='ltr'><strong>diceus:</strong></span> <span class='ocrx_word' id='word_1_31' title='bbox 1266 789 1320 849; x_wconf 90' lang='lat' dir='ltr'><strong>eic</strong></span> <span class='ocrx_word' id='word_1_32' title='bbox 1341 789 1468 849; x_wconf 80' lang='lat' dir='ltr'><strong>lucent</strong></span> <span class='ocrx_word' id='word_1_33' title='bbox 1488 790 1542 848; x_wconf 90' lang='lat' dir='ltr'><strong>lu-</strong></span> 
     </span>
     <span class='ocr_line' id='line_1_5' title="bbox 404 891 1541 965; baseline -0.009 -7"><span class='ocrx_word' id='word_1_34' title='bbox 404 914 488 958; x_wconf 88' lang='lat' dir='ltr'><strong>meu</strong></span> <span class='ocrx_word' id='word_1_35' title='bbox 520 901 688 957; x_wconf 88' lang='lat' dir='ltr'><strong>oestrum</strong></span> <span class='ocrx_word' id='word_1_36' title='bbox 726 913 843 957; x_wconf 83' lang='lat' dir='ltr'><strong>corum</strong></span> <span class='ocrx_word' id='word_1_37' title='bbox 878 893 1109 965; x_wconf 86' lang='lat' dir='ltr'><strong>homiuibus,</strong></span> <span class='ocrx_word' id='word_1_38' title='bbox 1147 896 1186 951; x_wconf 88' lang='lat' dir='ltr'><strong>ut</strong></span> <span class='ocrx_word' id='word_1_39' title='bbox 1218 891 1395 950; x_wconf 88' lang='lat' dir='ltr'><strong>uidentes</strong></span> <span class='ocrx_word' id='word_1_40' title='bbox 1432 906 1541 965; x_wconf 82' lang='lat' dir='ltr'><strong>opera</strong></span> 
     </span>
     <span class='ocr_line' id='line_1_6' title="bbox 381 992 1542 1073; baseline -0.008 -13"><span class='ocrx_word' id='word_1_41' title='bbox 381 1003 535 1068; x_wconf 67' lang='lat' dir='ltr'><strong>suestre</strong></span> <span class='ocrx_word' id='word_1_42' title='bbox 555 995 651 1060; x_wconf 75' lang='lat' dir='ltr'><strong>boni</strong></span> <span class='ocrx_word' id='word_1_43' title='bbox 679 997 924 1073; x_wconf 76' lang='lat' dir='ltr'><strong>magnificent</strong></span> <span class='ocrx_word' id='word_1_44' title='bbox 957 997 1102 1071; x_wconf 82' lang='lat' dir='ltr'><strong>patrem</strong></span> <span class='ocrx_word' id='word_1_45' title='bbox 1130 997 1295 1054; x_wconf 85' lang='lat' dir='ltr'><strong>uestrum</strong></span> <span class='ocrx_word' id='word_1_46' title='bbox 1322 992 1383 1068; x_wconf 85' lang='lat' dir='ltr'><strong>qni</strong></span> <span class='ocrx_word' id='word_1_47' title='bbox 1405 993 1443 1052; x_wconf 92' lang='lat' dir='ltr'><strong>in</strong></span> <span class='ocrx_word' id='word_1_48' title='bbox 1465 1008 1542 1052; x_wconf 86' lang='lat' dir='ltr'><strong>cce·</strong></span> 
     </span>
     <span class='ocr_line' id='line_1_7' title="bbox 403 1093 1541 1176; baseline -0.009 -15"><span class='ocrx_word' id='word_1_49' title='bbox 403 1102 454 1161; x_wconf 90' lang='lat' dir='ltr'><strong>lis</strong></span> <span class='ocrx_word' id='word_1_50' title='bbox 475 1104 542 1162; x_wconf 90' lang='lat' dir='ltr'><strong>est.</strong></span> <span class='ocrx_word' id='word_1_51' title='bbox 563 1103 617 1162; x_wconf 90' lang='lat' dir='ltr'><strong>hoc</strong></span> <span class='ocrx_word' id='word_1_52' title='bbox 631 1100 761 1176; x_wconf 78' lang='lat' dir='ltr'><strong>coquitur</strong></span> <span class='ocrx_word' id='word_1_53' title='bbox 775 1099 927 1160; x_wconf 84' lang='lat' dir='ltr'><strong>otPoulus</strong></span> <span class='ocrx_word' id='word_1_54' title='bbox 941 1096 1090 1172; x_wconf 80' lang='lat' dir='ltr'><strong>apostolus</strong></span> <span class='ocrx_word' id='word_1_55' title='bbox 1105 1095 1220 1157; x_wconf 86' lang='lat' dir='ltr'><strong>dicens:</strong></span> <span class='ocrx_word' id='word_1_56' title='bbox 1243 1113 1314 1156; x_wconf 93' lang='lat' dir='ltr'><strong>uon</strong></span> <span class='ocrx_word' id='word_1_57' title='bbox 1335 1111 1423 1171; x_wconf 80' lang='lat' dir='ltr'><strong>crgo</strong></span> <span class='ocrx_word' id='word_1_58' title='bbox 1440 1093 1541 1154; x_wconf 84' lang='lat' dir='ltr'><strong>blos-</strong></span> 
     </span>
     <span class='ocr_line' id='line_1_8' title="bbox 404 1198 1544 1278; baseline -0.006 -16"><span class='ocrx_word' id='word_1_59' title='bbox 404 1205 602 1278; x_wconf 83' lang='lat' dir='ltr'><strong>phemctur</strong></span> <span class='ocrx_word' id='word_1_60' title='bbox 635 1203 762 1264; x_wconf 89' lang='lat' dir='ltr'><strong>bouum</strong></span> <span class='ocrx_word' id='word_1_61' title='bbox 783 1204 953 1262; x_wconf 87' lang='lat' dir='ltr'><strong>uestrum.</strong></span> <span class='ocrx_word' id='word_1_62' title='bbox 976 1203 1007 1260; x_wconf 89' lang='lat' dir='ltr'><strong>ct</strong></span> <span class='ocrx_word' id='word_1_63' title='bbox 1034 1199 1153 1260; x_wconf 82' lang='lat' dir='ltr'><strong>iterum:</strong></span> <span class='ocrx_word' id='word_1_64' title='bbox 1183 1198 1429 1273; x_wconf 79' lang='lat' dir='ltr'><strong>procidentes</strong></span> <span class='ocrx_word' id='word_1_65' title='bbox 1451 1213 1544 1272; x_wconf 82' lang='lat' dir='ltr'><strong>quae</strong></span> 
     </span>
     <span class='ocr_line' id='line_1_9' title="bbox 405 1301 1544 1374; baseline -0.006 -7"><span class='ocrx_word' id='word_1_66' title='bbox 405 1309 501 1367; x_wconf 82' lang='lat' dir='ltr'><strong>bona</strong></span> <span class='ocrx_word' id='word_1_67' title='bbox 523 1309 613 1366; x_wconf 88' lang='lat' dir='ltr'><strong>sont</strong></span> <span class='ocrx_word' id='word_1_68' title='bbox 646 1323 715 1366; x_wconf 90' lang='lat' dir='ltr'><strong>ucn</strong></span> <span class='ocrx_word' id='word_1_69' title='bbox 750 1306 892 1364; x_wconf 88' lang='lat' dir='ltr'><strong>tentum</strong></span> <span class='ocrx_word' id='word_1_70' title='bbox 924 1319 1046 1363; x_wconf 81' lang='lat' dir='ltr'><strong>coram</strong></span> <span class='ocrx_word' id='word_1_71' title='bbox 1078 1301 1169 1374; x_wconf 86' lang='lat' dir='ltr'><strong>Deo,</strong></span> <span class='ocrx_word' id='word_1_72' title='bbox 1204 1301 1266 1361; x_wconf 87' lang='lat' dir='ltr'><strong>sed</strong></span> <span class='ocrx_word' id='word_1_73' title='bbox 1294 1301 1404 1360; x_wconf 82' lang='lat' dir='ltr'><strong>otiam</strong></span> <span class='ocrx_word' id='word_1_74' title='bbox 1427 1318 1544 1362; x_wconf 83' lang='lat' dir='ltr'><strong>cotem</strong></span> 
     </span>
     <span class='ocr_line' id='line_1_10' title="bbox 406 1401 1543 1478; baseline -0.005 -10"><span class='ocrx_word' id='word_1_75' title='bbox 406 1405 632 1468; x_wconf 85' lang='lat' dir='ltr'><strong>homiuibus.</strong></span> <span class='ocrx_word' id='word_1_76' title='bbox 655 1407 759 1466; x_wconf 85' lang='lat' dir='ltr'><strong>etelic</strong></span> <span class='ocrx_word' id='word_1_77' title='bbox 787 1407 866 1466; x_wconf 86' lang='lat' dir='ltr'><strong>loco:</strong></span> <span class='ocrx_word' id='word_1_78' title='bbox 900 1404 984 1464; x_wconf 86' lang='lat' dir='ltr'><strong>siue</strong></span> <span class='ocrx_word' id='word_1_79' title='bbox 1012 1420 1099 1478; x_wconf 79' lang='lat' dir='ltr'><strong>ergo</strong></span> <span class='ocrx_word' id='word_1_80' title='bbox 1121 1401 1357 1462; x_wconf 85' lang='lat' dir='ltr'><strong>mcudnoetie</strong></span> <span class='ocrx_word' id='word_1_81' title='bbox 1384 1403 1464 1464; x_wconf 91' lang='lat' dir='ltr'><strong>siue</strong></span> <span class='ocrx_word' id='word_1_82' title='bbox 1491 1403 1543 1464; x_wconf 88' lang='lat' dir='ltr'><strong>bi·</strong></span> 
     </span>
     <span class='ocr_line' id='line_1_11' title="bbox 373 1503 1545 1582; baseline -0.004 -11"><span class='ocrx_word' id='word_1_83' title='bbox 373 1511 502 1572; x_wconf 84' lang='lat' dir='ltr'><strong>robitic</strong></span> <span class='ocrx_word' id='word_1_84' title='bbox 524 1510 602 1570; x_wconf 87' lang='lat' dir='ltr'><strong>siue</strong></span> <span class='ocrx_word' id='word_1_85' title='bbox 632 1508 778 1582; x_wconf 77' lang='lat' dir='ltr'><strong>aliquid</strong></span> <span class='ocrx_word' id='word_1_86' title='bbox 811 1507 959 1578; x_wconf 80' lang='lat' dir='ltr'><strong>fecitis,</strong></span> <span class='ocrx_word' id='word_1_87' title='bbox 993 1504 1114 1565; x_wconf 84' lang='lat' dir='ltr'><strong>omnic</strong></span> <span class='ocrx_word' id='word_1_88' title='bbox 1148 1505 1186 1563; x_wconf 93' lang='lat' dir='ltr'><strong>iu</strong></span> <span class='ocrx_word' id='word_1_89' title='bbox 1215 1503 1372 1579; x_wconf 73' lang='lat' dir='ltr'><strong>gloriam</strong></span> <span class='ocrx_word' id='word_1_90' title='bbox 1399 1505 1465 1564; x_wconf 86' lang='lat' dir='ltr'><strong>Dei</strong></span> <span class='ocrx_word' id='word_1_91' title='bbox 1492 1506 1545 1566; x_wconf 82' lang='lat' dir='ltr'><strong>fe·</strong></span> 
     </span>
     <span class='ocr_line' id='line_1_12' title="bbox 408 1605 1544 1673; baseline -0.005 0"><span class='ocrx_word' id='word_1_92' title='bbox 408 1613 483 1673; x_wconf 86' lang='lat' dir='ltr'><strong>cite</strong></span> <span class='ocrx_word' id='word_1_93' title='bbox 506 1615 544 1670; x_wconf 88' lang='lat' dir='ltr'><strong>et</strong></span> <span class='ocrx_word' id='word_1_94' title='bbox 567 1612 692 1672; x_wconf 88' lang='lat' dir='ltr'><strong>estote</strong></span> <span class='ocrx_word' id='word_1_95' title='bbox 715 1610 794 1669; x_wconf 91' lang='lat' dir='ltr'><strong>sinc</strong></span> <span class='ocrx_word' id='word_1_96' title='bbox 817 1606 1168 1669; x_wconf 83' lang='lat' dir='ltr'><strong>ecoudnchudceis</strong></span> <span class='ocrx_word' id='word_1_97' title='bbox 1195 1609 1232 1666; x_wconf 90' lang='lat' dir='ltr'><strong>ct</strong></span> <span class='ocrx_word' id='word_1_98' title='bbox 1254 1605 1412 1666; x_wconf 75' lang='lat' dir='ltr'><strong>Graecis</strong></span> <span class='ocrx_word' id='word_1_99' title='bbox 1435 1608 1470 1665; x_wconf 89' lang='lat' dir='ltr'><strong>et</strong></span> <span class='ocrx_word' id='word_1_100' title='bbox 1493 1623 1544 1667; x_wconf 90' lang='lat' dir='ltr'><strong>ec·</strong></span> 
     </span>
     <span class='ocr_line' id='line_1_13' title="bbox 408 1708 1503 1785; baseline -0.006 -12"><span class='ocrx_word' id='word_1_101' title='bbox 408 1712 550 1773; x_wconf 81' lang='lat' dir='ltr'><strong>clerice</strong></span> <span class='ocrx_word' id='word_1_102' title='bbox 571 1711 654 1784; x_wconf 82' lang='lat' dir='ltr'><strong>Dei,</strong></span> <span class='ocrx_word' id='word_1_103' title='bbox 677 1711 779 1772; x_wconf 90' lang='lat' dir='ltr'><strong>sicut</strong></span> <span class='ocrx_word' id='word_1_104' title='bbox 801 1714 835 1771; x_wconf 84' lang='lat' dir='ltr'><strong>ot</strong></span> <span class='ocrx_word' id='word_1_105' title='bbox 857 1727 922 1785; x_wconf 79' lang='lat' dir='ltr'><strong>ego</strong></span> <span class='ocrx_word' id='word_1_106' title='bbox 943 1726 1009 1784; x_wconf 85' lang='lat' dir='ltr'><strong>pcr</strong></span> <span class='ocrx_word' id='word_1_107' title='bbox 1030 1709 1152 1769; x_wconf 85' lang='lat' dir='ltr'><strong>omnin</strong></span> <span class='ocrx_word' id='word_1_108' title='bbox 1174 1709 1343 1769; x_wconf 85' lang='lat' dir='ltr'><strong>omnibus</strong></span> <span class='ocrx_word' id='word_1_109' title='bbox 1364 1708 1503 1784; x_wconf 79' lang='lat' dir='ltr'><strong>placeo.</strong></span> 
     </span>
     <span class='ocr_line' id='line_1_14' title="bbox 453 1810 1575 1888; baseline -0.005 -14"><span class='ocrx_word' id='word_1_110' title='bbox 453 1816 509 1875; x_wconf 80' lang='lat' dir='ltr'><strong>Sed</strong></span> <span class='ocrx_word' id='word_1_111' title='bbox 523 1814 676 1888; x_wconf 83' lang='lat' dir='ltr'><strong>opponitur</strong></span> <span class='ocrx_word' id='word_1_112' title='bbox 690 1813 830 1886; x_wconf 74' lang='lat' dir='ltr'><strong>forsitan,</strong></span> <span class='ocrx_word' id='word_1_113' title='bbox 854 1812 982 1888; x_wconf 88' lang='lat' dir='ltr'><strong>quidest</strong></span> <span class='ocrx_word' id='word_1_114' title='bbox 998 1813 1074 1887; x_wconf 89' lang='lat' dir='ltr'><strong>qnod</strong></span> <span class='ocrx_word' id='word_1_115' title='bbox 1088 1811 1151 1886; x_wconf 84' lang='lat' dir='ltr'><strong>ipsc</strong></span> <span class='ocrx_word' id='word_1_116' title='bbox 1167 1811 1272 1871; x_wconf 88' lang='lat' dir='ltr'><strong>iterum</strong></span> <span class='ocrx_word' id='word_1_117' title='bbox 1288 1810 1409 1872; x_wconf 82' lang='lat' dir='ltr'><strong>dixerit:</strong></span> <span class='ocrx_word' id='word_1_118' title='bbox 1431 1811 1463 1871; x_wconf 91' lang='lat' dir='ltr'><strong>si</strong></span> <span class='ocrx_word' id='word_1_119' title='bbox 1485 1810 1575 1871; x_wconf 82' lang='lat' dir='ltr'><strong>loc-8</strong></span> 
     </span>
     <span class='ocr_line' id='line_1_15' title="bbox 407 1914 1546 1991; baseline -0.004 -15"><span class='ocrx_word' id='word_1_120' title='bbox 407 1917 570 1976; x_wconf 88' lang='lat' dir='ltr'><strong>minibus</strong></span> <span class='ocrx_word' id='word_1_121' title='bbox 605 1915 756 1991; x_wconf 78' lang='lat' dir='ltr'><strong>placore</strong></span> <span class='ocrx_word' id='word_1_122' title='bbox 785 1916 935 1988; x_wconf 86' lang='lat' dir='ltr'><strong>uellem,</strong></span> <span class='ocrx_word' id='word_1_123' title='bbox 969 1914 1115 1974; x_wconf 80' lang='lat' dir='ltr'><strong>curisti</strong></span> <span class='ocrx_word' id='word_1_124' title='bbox 1148 1931 1279 1974; x_wconf 88' lang='lat' dir='ltr'><strong>seruus</strong></span> <span class='ocrx_word' id='word_1_125' title='bbox 1312 1931 1380 1975; x_wconf 94' lang='lat' dir='ltr'><strong>non</strong></span> <span class='ocrx_word' id='word_1_126' title='bbox 1402 1917 1546 1975; x_wconf 77' lang='lat' dir='ltr'><strong>oseem?</strong></span> 
     </span>
     <span class='ocr_line' id='line_1_16' title="bbox 373 2015 1547 2095; baseline -0.007 -13"><span class='ocrx_word' id='word_1_127' title='bbox 373 2047 399 2084; x_wconf 78' lang='lat' dir='ltr'><strong>rr</strong></span> <span class='ocrx_word' id='word_1_128' title='bbox 410 2037 568 2095; x_wconf 75' lang='lat' dir='ltr'><strong>numquam</strong></span> <span class='ocrx_word' id='word_1_129' title='bbox 583 2035 615 2078; x_wconf 88' lang='lat' dir='ltr'><strong>so</strong></span> <span class='ocrx_word' id='word_1_130' title='bbox 635 2033 831 2093; x_wconf 82' lang='lat' dir='ltr'><strong>quoecumque</strong></span> <span class='ocrx_word' id='word_1_131' title='bbox 852 2017 930 2076; x_wconf 88' lang='lat' dir='ltr'><strong>dictu</strong></span> <span class='ocrx_word' id='word_1_132' title='bbox 950 2017 1025 2090; x_wconf 80' lang='lat' dir='ltr'><strong>logis</strong></span> <span class='ocrx_word' id='word_1_133' title='bbox 1040 2017 1211 2088; x_wconf 85' lang='lat' dir='ltr'><strong>excludunt,</strong></span> <span class='ocrx_word' id='word_1_134' title='bbox 1240 2017 1291 2076; x_wconf 85' lang='lat' dir='ltr'><strong>sod</strong></span> <span class='ocrx_word' id='word_1_135' title='bbox 1313 2015 1400 2076; x_wconf 86' lang='lat' dir='ltr'><strong>certis</strong></span> <span class='ocrx_word' id='word_1_136' title='bbox 1414 2015 1485 2076; x_wconf 88' lang='lat' dir='ltr'><strong>locis</strong></span> <span class='ocrx_word' id='word_1_137' title='bbox 1500 2030 1547 2074; x_wconf 91' lang='lat' dir='ltr'><strong>re·</strong></span> 
     </span>
     <span class='ocr_line' id='line_1_17' title="bbox 411 2116 1548 2195; baseline -0.005 -14"><span class='ocrx_word' id='word_1_138' title='bbox 411 2137 519 2195; x_wconf 83' lang='lat' dir='ltr'><strong>sponse</strong></span> <span class='ocrx_word' id='word_1_139' title='bbox 539 2120 676 2180; x_wconf 80' lang='lat' dir='ltr'><strong>uniuerso</strong></span> <span class='ocrx_word' id='word_1_140' title='bbox 697 2119 790 2178; x_wconf 81' lang='lat' dir='ltr'><strong>defixo</strong></span> <span class='ocrx_word' id='word_1_141' title='bbox 811 2120 889 2177; x_wconf 88' lang='lat' dir='ltr'><strong>eunt.</strong></span> <span class='ocrx_word' id='word_1_142' title='bbox 916 2116 977 2177; x_wconf 93' lang='lat' dir='ltr'><strong>illic</strong></span> <span class='ocrx_word' id='word_1_143' title='bbox 998 2116 1111 2192; x_wconf 81' lang='lat' dir='ltr'><strong>plecere</strong></span> <span class='ocrx_word' id='word_1_144' title='bbox 1133 2116 1300 2178; x_wconf 89' lang='lat' dir='ltr'><strong>homiuibus</strong></span> <span class='ocrx_word' id='word_1_145' title='bbox 1315 2134 1372 2178; x_wconf 91' lang='lat' dir='ltr'><strong>nou</strong></span> <span class='ocrx_word' id='word_1_146' title='bbox 1387 2117 1472 2192; x_wconf 87' lang='lat' dir='ltr'><strong>licet,</strong></span> <span class='ocrx_word' id='word_1_147' title='bbox 1498 2116 1548 2178; x_wconf 91' lang='lat' dir='ltr'><strong>ubi</strong></span> 
     </span>
     <span class='ocr_line' id='line_1_18' title="bbox 411 2217 1549 2294; baseline -0.004 -10"><span class='ocrx_word' id='word_1_148' title='bbox 411 2224 547 2284; x_wconf 76' lang='lat' dir='ltr'><strong>uoluntas</strong></span> <span class='ocrx_word' id='word_1_149' title='bbox 567 2222 715 2282; x_wconf 88' lang='lat' dir='ltr'><strong>homiuum</strong></span> <span class='ocrx_word' id='word_1_150' title='bbox 736 2238 793 2282; x_wconf 91' lang='lat' dir='ltr'><strong>uon</strong></span> <span class='ocrx_word' id='word_1_151' title='bbox 813 2220 890 2294; x_wconf 81' lang='lat' dir='ltr'><strong>cepit</strong></span> <span class='ocrx_word' id='word_1_152' title='bbox 905 2219 1019 2278; x_wconf 87' lang='lat' dir='ltr'><strong>Domini</strong></span> <span class='ocrx_word' id='word_1_153' title='bbox 1034 2217 1230 2280; x_wconf 70' lang='lat' dir='ltr'><strong>uoluntatem:</strong></span> <span class='ocrx_word' id='word_1_154' title='bbox 1246 2219 1297 2278; x_wconf 92' lang='lat' dir='ltr'><strong>ubi</strong></span> <span class='ocrx_word' id='word_1_155' title='bbox 1312 2235 1382 2279; x_wconf 89' lang='lat' dir='ltr'><strong>uero</strong></span> <span class='ocrx_word' id='word_1_156' title='bbox 1397 2221 1549 2294; x_wconf 77' lang='lat' dir='ltr'><strong>acceptent</strong></span> 
     </span>
     <span class='ocr_line' id='line_1_19' title="bbox 410 2319 1548 2399; baseline -0.002 -15"><span class='ocrx_word' id='word_1_157' title='bbox 410 2325 542 2385; x_wconf 85' lang='lat' dir='ltr'><strong>hominos</strong></span> <span class='ocrx_word' id='word_1_158' title='bbox 557 2324 633 2399; x_wconf 90' lang='lat' dir='ltr'><strong>quod</strong></span> <span class='ocrx_word' id='word_1_159' title='bbox 648 2324 686 2383; x_wconf 86' lang='lat' dir='ltr'><strong>cd</strong></span> <span class='ocrx_word' id='word_1_160' title='bbox 699 2321 821 2398; x_wconf 78' lang='lat' dir='ltr'><strong>glorium</strong></span> <span class='ocrx_word' id='word_1_161' title='bbox 835 2321 947 2397; x_wconf 77' lang='lat' dir='ltr'><strong>proficit</strong></span> <span class='ocrx_word' id='word_1_162' title='bbox 961 2321 1025 2394; x_wconf 89' lang='lat' dir='ltr'><strong>Dei,</strong></span> <span class='ocrx_word' id='word_1_163' title='bbox 1048 2319 1226 2381; x_wconf 82' lang='lat' dir='ltr'><strong>innotescere</strong></span> <span class='ocrx_word' id='word_1_164' title='bbox 1241 2320 1373 2380; x_wconf 85' lang='lat' dir='ltr'><strong>omuibus</strong></span> <span class='ocrx_word' id='word_1_165' title='bbox 1394 2319 1456 2396; x_wconf 81' lang='lat' dir='ltr'><strong>ipso</strong></span> <span class='ocrx_word' id='word_1_166' title='bbox 1470 2323 1548 2382; x_wconf 84' lang='lat' dir='ltr'><strong>Peu-</strong></span> 
     </span>
     <span class='ocr_line' id='line_1_20' title="bbox 411 2422 1548 2500; baseline -0.002 -14"><span class='ocrx_word' id='word_1_167' title='bbox 411 2428 459 2488; x_wconf 89' lang='lat' dir='ltr'><strong>lus</strong></span> <span class='ocrx_word' id='word_1_168' title='bbox 479 2427 628 2500; x_wconf 79' lang='lat' dir='ltr'><strong>spostolus</strong></span> <span class='ocrx_word' id='word_1_169' title='bbox 648 2424 804 2499; x_wconf 84' lang='lat' dir='ltr'><strong>proecepit.</strong></span> <span class='ocrx_word' id='word_1_170' title='bbox 836 2425 1114 2499; x_wconf 82' lang='lat' dir='ltr'><strong>unusquisque,</strong></span> <span class='ocrx_word' id='word_1_171' title='bbox 1139 2422 1250 2496; x_wconf 87' lang='lat' dir='ltr'><strong>iuquit,</strong></span> <span class='ocrx_word' id='word_1_172' title='bbox 1273 2425 1441 2482; x_wconf 88' lang='lat' dir='ltr'><strong>nostrum</strong></span> <span class='ocrx_word' id='word_1_173' title='bbox 1468 2441 1548 2499; x_wconf 84' lang='lat' dir='ltr'><strong>pro·</strong></span> 
     </span>
     <span class='ocr_line' id='line_1_21' title="bbox 377 2522 1549 2602; baseline -0.005 -10"><span class='ocrx_word' id='word_1_174' title='bbox 377 2529 506 2592; x_wconf 82' lang='lat' dir='ltr'><strong>roximo</strong></span> <span class='ocrx_word' id='word_1_175' title='bbox 536 2543 600 2587; x_wconf 87' lang='lat' dir='ltr'><strong>suo</strong></span> <span class='ocrx_word' id='word_1_176' title='bbox 632 2527 784 2602; x_wconf 83' lang='lat' dir='ltr'><strong>placent</strong></span> <span class='ocrx_word' id='word_1_177' title='bbox 811 2525 854 2585; x_wconf 84' lang='lat' dir='ltr'><strong>ed</strong></span> <span class='ocrx_word' id='word_1_178' title='bbox 887 2525 1014 2584; x_wconf 82' lang='lat' dir='ltr'><strong>bouem</strong></span> <span class='ocrx_word' id='word_1_179' title='bbox 1046 2522 1372 2585; x_wconf 76' lang='lat' dir='ltr'><strong>aedificationem.</strong></span> <span class='ocrx_word' id='word_1_180' title='bbox 1407 2528 1549 2597; x_wconf 80' lang='lat' dir='ltr'><strong>qnatenus</strong></span> 
     </span>
     <span class='ocr_line' id='line_1_22' title="bbox 411 2625 1550 2704; baseline -0.002 -15"><span class='ocrx_word' id='word_1_181' title='bbox 411 2646 480 2704; x_wconf 78' lang='lat' dir='ltr'><strong>ergo</strong></span> <span class='ocrx_word' id='word_1_182' title='bbox 503 2628 662 2702; x_wconf 83' lang='lat' dir='ltr'><strong>proemium</strong></span> <span class='ocrx_word' id='word_1_183' title='bbox 677 2627 842 2687; x_wconf 80' lang='lat' dir='ltr'><strong>sanctitutis</strong></span> <span class='ocrx_word' id='word_1_184' title='bbox 867 2628 1034 2702; x_wconf 81' lang='lat' dir='ltr'><strong>exspectet,</strong></span> <span class='ocrx_word' id='word_1_185' title='bbox 1064 2626 1114 2701; x_wconf 85' lang='lat' dir='ltr'><strong>qui</strong></span> <span class='ocrx_word' id='word_1_186' title='bbox 1136 2643 1193 2686; x_wconf 88' lang='lat' dir='ltr'><strong>non</strong></span> <span class='ocrx_word' id='word_1_187' title='bbox 1220 2627 1314 2686; x_wconf 88' lang='lat' dir='ltr'><strong>solum</strong></span> <span class='ocrx_word' id='word_1_188' title='bbox 1340 2625 1550 2698; x_wconf 79' lang='lat' dir='ltr'><strong>blasphemium</strong></span> 
     </span>
     <span class='ocr_line' id='line_1_23' title="bbox 412 2725 1549 2803; baseline -0.003 -13"><span class='ocrx_word' id='word_1_189' title='bbox 412 2731 579 2791; x_wconf 73' lang='lat' dir='ltr'><strong>sanctitutis</strong></span> <span class='ocrx_word' id='word_1_190' title='bbox 600 2731 637 2789; x_wconf 86' lang='lat' dir='ltr'><strong>eb</strong></span> <span class='ocrx_word' id='word_1_191' title='bbox 658 2729 824 2790; x_wconf 84' lang='lat' dir='ltr'><strong>infidelibus</strong></span> <span class='ocrx_word' id='word_1_192' title='bbox 844 2729 996 2803; x_wconf 81' lang='lat' dir='ltr'><strong>prouocat,</strong></span> <span class='ocrx_word' id='word_1_193' title='bbox 1025 2729 1076 2788; x_wconf 88' lang='lat' dir='ltr'><strong>sed</strong></span> <span class='ocrx_word' id='word_1_194' title='bbox 1098 2727 1186 2789; x_wconf 86' lang='lat' dir='ltr'><strong>etism</strong></span> <span class='ocrx_word' id='word_1_195' title='bbox 1207 2727 1343 2788; x_wconf 85' lang='lat' dir='ltr'><strong>fidolibns</strong></span> <span class='ocrx_word' id='word_1_196' title='bbox 1355 2725 1549 2802; x_wconf 84' lang='lat' dir='ltr'><strong>perniciosum</strong></span> 
     </span>
     <span class='ocr_line' id='line_1_24' title="bbox 412 2828 1549 2907; baseline -0.004 -15"><span class='ocrx_word' id='word_1_197' title='bbox 412 2834 532 2907; x_wconf 80' lang='lat' dir='ltr'><strong>praebet</strong></span> <span class='ocrx_word' id='word_1_198' title='bbox 542 2832 708 2906; x_wconf 76' lang='lat' dir='ltr'><strong>exemploru</strong></span> <span class='ocrx_word' id='word_1_199' title='bbox 724 2835 758 2892; x_wconf 89' lang='lat' dir='ltr'><strong>ut</strong></span> <span class='ocrx_word' id='word_1_200' title='bbox 770 2831 876 2890; x_wconf 84' lang='lat' dir='ltr'><strong>infirmi</strong></span> <span class='ocrx_word' id='word_1_201' title='bbox 886 2831 941 2890; x_wconf 87' lang='lat' dir='ltr'><strong>snb</strong></span> <span class='ocrx_word' id='word_1_202' title='bbox 956 2833 1104 2904; x_wconf 73' lang='lat' dir='ltr'><strong>prmrcxco</strong></span> <span class='ocrx_word' id='word_1_203' title='bbox 1120 2829 1284 2890; x_wconf 81' lang='lat' dir='ltr'><strong>dilectionis</strong></span> <span class='ocrx_word' id='word_1_204' title='bbox 1296 2828 1444 2890; x_wconf 80' lang='lat' dir='ltr'><strong>subtiliter</strong></span> <span class='ocrx_word' id='word_1_205' title='bbox 1459 2828 1549 2889; x_wconf 81' lang='lat' dir='ltr'><strong>iorni·</strong></span> 
     </span>
     <span class='ocr_line' id='line_1_25' title="bbox 413 2929 1548 3009; baseline -0.003 -15"><span class='ocrx_word' id='word_1_206' title='bbox 413 2937 516 2994; x_wconf 83' lang='lat' dir='ltr'><strong>centur</strong></span> <span class='ocrx_word' id='word_1_207' title='bbox 530 2938 562 2994; x_wconf 90' lang='lat' dir='ltr'><strong>et</strong></span> <span class='ocrx_word' id='word_1_208' title='bbox 575 2935 698 3009; x_wconf 81' lang='lat' dir='ltr'><strong>pudieus</strong></span> <span class='ocrx_word' id='word_1_209' title='bbox 713 2932 929 3008; x_wconf 80' lang='lat' dir='ltr'><strong>impudicissime</strong></span> <span class='ocrx_word' id='word_1_210' title='bbox 955 2932 1100 2993; x_wconf 75' lang='lat' dir='ltr'><strong>castitatis</strong></span> <span class='ocrx_word' id='word_1_211' title='bbox 1126 2931 1264 3007; x_wconf 84' lang='lat' dir='ltr'><strong>prseboet</strong></span> <span class='ocrx_word' id='word_1_212' title='bbox 1284 2929 1482 3005; x_wconf 73' lang='lat' dir='ltr'><strong>magisterium</strong></span> <span class='ocrx_word' id='word_1_213' title='bbox 1498 2931 1548 2992; x_wconf 88' lang='lat' dir='ltr'><strong>de·</strong></span> 
     </span>
    </p>
   </div>
   <div class='ocr_carea' id='block_1_3' title="bbox 380 3031 1550 3332">
    <p class='ocr_par' dir='ltr' id='par_1_3' title="bbox 380 3031 1550 3332">
     <span class='ocr_line' id='line_1_26' title="bbox 380 3031 1550 3115; baseline -0.005 -16"><span class='ocrx_word' id='word_1_214' title='bbox 380 3059 407 3101; x_wconf 80' lang='lat' dir='ltr'><strong>so</strong></span> <span class='ocrx_word' id='word_1_215' title='bbox 416 3039 532 3097; x_wconf 80' lang='lat' dir='ltr'><strong>struens</strong></span> <span class='ocrx_word' id='word_1_216' title='bbox 547 3038 623 3111; x_wconf 88' lang='lat' dir='ltr'><strong>qnod</strong></span> <span class='ocrx_word' id='word_1_217' title='bbox 638 3037 748 3096; x_wconf 80' lang='lat' dir='ltr'><strong>Paulus</strong></span> <span class='ocrx_word' id='word_1_218' title='bbox 769 3036 916 3115; x_wconf 82' lang='lat' dir='ltr'><strong>apostolus</strong></span> <span class='ocrx_word' id='word_1_219' title='bbox 938 3033 1144 3095; x_wconf 84' lang='lat' dir='ltr'><strong>comminetur:</strong></span> <span class='ocrx_word' id='word_1_220' title='bbox 1175 3033 1309 3107; x_wconf 85' lang='lat' dir='ltr'><strong>periit,</strong></span> <span class='ocrx_word' id='word_1_221' title='bbox 1338 3033 1448 3108; x_wconf 87' lang='lat' dir='ltr'><strong>inquit,</strong></span> <span class='ocrx_word' id='word_1_222' title='bbox 1476 3031 1550 3094; x_wconf 82' lang='lat' dir='ltr'><strong>ira·</strong></span> 
     </span>
     <span class='ocr_line' id='line_1_27' title="bbox 413 3136 1550 3212; baseline -0.004 -12"><span class='ocrx_word' id='word_1_223' title='bbox 413 3143 474 3200; x_wconf 91' lang='lat' dir='ltr'><strong>tor</strong></span> <span class='ocrx_word' id='word_1_224' title='bbox 496 3139 674 3200; x_wconf 77' lang='lat' dir='ltr'><strong>infirmus</strong></span> <span class='ocrx_word' id='word_1_225' title='bbox 702 3141 739 3199; x_wconf 93' lang='lat' dir='ltr'><strong>in</strong></span> <span class='ocrx_word' id='word_1_226' title='bbox 761 3143 825 3199; x_wconf 85' lang='lat' dir='ltr'><strong>tue</strong></span> <span class='ocrx_word' id='word_1_227' title='bbox 847 3139 1029 3210; x_wconf 82' lang='lat' dir='ltr'><strong>scientie,</strong></span> <span class='ocrx_word' id='word_1_228' title='bbox 1058 3140 1212 3212; x_wconf 80' lang='lat' dir='ltr'><strong>propter</strong></span> <span class='ocrx_word' id='word_1_229' title='bbox 1241 3154 1346 3211; x_wconf 88' lang='lat' dir='ltr'><strong>quem</strong></span> <span class='ocrx_word' id='word_1_230' title='bbox 1375 3136 1550 3197; x_wconf 76' lang='lat' dir='ltr'><strong>Christos</strong></span> 
     </span>
     <span class='ocr_line' id='line_1_28' title="bbox 414 3237 1550 3332; baseline -0.003 -31"><span class='ocrx_word' id='word_1_231' title='bbox 414 3258 549 3332; x_wconf 85' lang='lat' dir='ltr'><strong>pessus</strong></span> <span class='ocrx_word' id='word_1_232' title='bbox 571 3244 649 3302; x_wconf 77' lang='lat' dir='ltr'><strong>esti</strong></span> <span class='ocrx_word' id='word_1_233' title='bbox 674 3241 731 3301; x_wconf 90' lang='lat' dir='ltr'><strong>sic</strong></span> <span class='ocrx_word' id='word_1_234' title='bbox 752 3244 873 3302; x_wconf 84' lang='lat' dir='ltr'><strong>sutem</strong></span> <span class='ocrx_word' id='word_1_235' title='bbox 899 3241 1100 3314; x_wconf 75' lang='lat' dir='ltr'><strong>peccantes</strong></span> <span class='ocrx_word' id='word_1_236' title='bbox 1129 3238 1166 3298; x_wconf 91' lang='lat' dir='ltr'><strong>iu</strong></span> <span class='ocrx_word' id='word_1_237' title='bbox 1194 3237 1338 3298; x_wconf 78' lang='lat' dir='ltr'><strong>iratres</strong></span> <span class='ocrx_word' id='word_1_238' title='bbox 1366 3240 1404 3297; x_wconf 85' lang='lat' dir='ltr'><strong>et</strong></span> <span class='ocrx_word' id='word_1_239' title='bbox 1423 3255 1550 3312; x_wconf 88' lang='lat' dir='ltr'><strong>percu·</strong></span> 
     </span>
    </p>
   </div>
   <div class='ocr_carea' id='block_1_4' title="bbox 414 3436 1553 3673">
    <p class='ocr_par' dir='ltr' id='par_1_4' title="bbox 414 3436 1553 3673">
     <span class='ocr_line' id='line_1_29' title="bbox 485 3436 1553 3502; baseline -0.002 -10"><span class='ocrx_word' id='word_1_240' title='bbox 485 3438 620 3493; x_wconf 72' lang='lat' dir='ltr'><strong>ennete.</strong></span> <span class='ocrx_word' id='word_1_241' title='bbox 638 3439 664 3502; x_wconf 80' lang='lat'><strong>5,</strong></span> <span class='ocrx_word' id='word_1_242' title='bbox 684 3439 726 3491; x_wconf 88' lang='grc'><strong>16.</strong></span> <span class='ocrx_word' id='word_1_243' title='bbox 904 3437 921 3490; x_wconf 86' lang='lat'><strong>6</strong></span> <span class='ocrx_word' id='word_1_244' title='bbox 938 3437 1014 3490; x_wconf 78' lang='lat' dir='ltr'><strong>Ronn</strong></span> <span class='ocrx_word' id='word_1_245' title='bbox 1034 3436 1077 3499; x_wconf 78' lang='lat'><strong>14,</strong></span> <span class='ocrx_word' id='word_1_246' title='bbox 1097 3436 1139 3491; x_wconf 90' lang='grc'><strong>16.</strong></span> <span class='ocrx_word' id='word_1_247' title='bbox 1320 3437 1337 3490; x_wconf 84' lang='lat'><strong>‘1</strong></span> <span class='ocrx_word' id='word_1_248' title='bbox 1355 3437 1431 3490; x_wconf 80' lang='lat' dir='ltr'><strong>Rom.</strong></span> <span class='ocrx_word' id='word_1_249' title='bbox 1450 3437 1492 3501; x_wconf 79' lang='lat'><strong>12,</strong></span> <span class='ocrx_word' id='word_1_250' title='bbox 1512 3436 1553 3490; x_wconf 73' lang='lat'><strong>17.</strong></span> 
     </span>
     <span class='ocr_line' id='line_1_30' title="bbox 414 3519 1552 3588; baseline -0.005 -8"><span class='ocrx_word' id='word_1_251' title='bbox 414 3526 432 3580; x_wconf 81' lang='lat'>9</span> <span class='ocrx_word' id='word_1_252' title='bbox 459 3523 475 3578; x_wconf 94' lang='lat'>1</span> <span class='ocrx_word' id='word_1_253' title='bbox 493 3522 551 3578; x_wconf 84' lang='lat' dir='ltr'><strong>Cor.</strong></span> <span class='ocrx_word' id='word_1_254' title='bbox 571 3524 612 3588; x_wconf 89' lang='lat'><strong>10,</strong></span> <span class='ocrx_word' id='word_1_255' title='bbox 631 3523 673 3576; x_wconf 78' lang='lat'><strong>32.</strong></span> <span class='ocrx_word' id='word_1_256' title='bbox 881 3521 915 3577; x_wconf 89' lang='grc'><strong>13</strong></span> <span class='ocrx_word' id='word_1_257' title='bbox 939 3521 999 3577; x_wconf 85' lang='lat' dir='ltr'><strong>Gol.</strong></span> <span class='ocrx_word' id='word_1_258' title='bbox 1019 3522 1043 3586; x_wconf 89' lang='lat'><strong>1,</strong></span> <span class='ocrx_word' id='word_1_259' title='bbox 1063 3519 1105 3576; x_wconf 88' lang='grc'><strong>10.</strong></span> <span class='ocrx_word' id='word_1_260' title='bbox 1314 3519 1348 3575; x_wconf 85' lang='grc'><strong>19</strong></span> <span class='ocrx_word' id='word_1_261' title='bbox 1371 3519 1449 3577; x_wconf 85' lang='lat' dir='ltr'><strong>Rom.</strong></span> <span class='ocrx_word' id='word_1_262' title='bbox 1468 3520 1510 3586; x_wconf 81' lang='lat'><strong>15,</strong></span> <span class='ocrx_word' id='word_1_263' title='bbox 1527 3521 1552 3574; x_wconf 81' lang='lat'><strong>2.</strong></span> 
     </span>
     <span class='ocr_line' id='line_1_31' title="bbox 415 3608 726 3673; baseline 0 -11"><span class='ocrx_word' id='word_1_264' title='bbox 415 3609 451 3663; x_wconf 74' lang='lat'><strong>25</strong></span> <span class='ocrx_word' id='word_1_265' title='bbox 469 3609 483 3663; x_wconf 95' lang='lat'>1</span> <span class='ocrx_word' id='word_1_266' title='bbox 500 3608 561 3665; x_wconf 84' lang='lat' dir='ltr'><strong>Cor.</strong></span> <span class='ocrx_word' id='word_1_267' title='bbox 579 3608 605 3673; x_wconf 86' lang='grc'><strong>8,</strong></span> <span class='ocrx_word' id='word_1_268' title='bbox 624 3609 665 3662; x_wconf 91' lang='grc'><strong>11.</strong></span> <span class='ocrx_word' id='word_1_269' title='bbox 686 3609 726 3664; x_wconf 80' lang='grc'><strong>12.</strong></span> 
     </span>
    </p>
   </div>
   <div class='ocr_carea' id='block_1_5' title="bbox 418 3790 1559 4369">
    <p class='ocr_par' dir='ltr' id='par_1_5' title="bbox 418 3790 1559 4369">
     <span class='ocr_line' id='line_1_32' title="bbox 488 3790 1555 3863; baseline -0.005 -14"><span class='ocrx_word' id='word_1_270' title='bbox 488 3793 648 3849; x_wconf 71' lang='grc' dir='ltr'>2οἰᾱοοοοτ</span> <span class='ocrx_word' id='word_1_271' title='bbox 665 3809 751 3850; x_wconf 83' lang='lat' dir='ltr'><strong>essse</strong></span> <span class='ocrx_word' id='word_1_272' title='bbox 856 3796 958 3863; x_wconf 73' lang='lat' dir='ltr'><strong>tocco</strong></span> <span class='ocrx_word' id='word_1_273' title='bbox 975 3795 1047 3849; x_wconf 84' lang='lat' dir='ltr'><strong>bons</strong></span> <span class='ocrx_word' id='word_1_274' title='bbox 1064 3798 1130 3849; x_wconf 86' lang='lat' dir='ltr'><strong>cunt</strong></span> <span class='ocrx_word' id='word_1_275' title='bbox 1146 3795 1176 3859; x_wconf 80' lang='lat'><strong>0,</strong></span> <span class='ocrx_word' id='word_1_276' title='bbox 1194 3794 1295 3850; x_wconf 79' lang='lat' dir='ltr'><strong>bouso</strong></span> <span class='ocrx_word' id='word_1_277' title='bbox 1399 3792 1434 3847; x_wconf 90' lang='grc'><strong>10</strong></span> <span class='ocrx_word' id='word_1_278' title='bbox 1451 3790 1555 3860; x_wconf 74' lang='lat' dir='ltr'><strong>aliquid</strong></span> 
     </span>
     <span class='ocr_line' id='line_1_33' title="bbox 421 3877 1556 3950; baseline -0.006 -13"><span class='ocrx_word' id='word_1_279' title='bbox 421 3881 463 3945; x_wconf 75' lang='grc' dir='ltr'><strong>θ’,</strong></span> <span class='ocrx_word' id='word_1_280' title='bbox 482 3881 557 3936; x_wconf 81' lang='lat' dir='ltr'><strong>eliud</strong></span> <span class='ocrx_word' id='word_1_281' title='bbox 576 3881 642 3950; x_wconf 89' lang='lat' dir='ltr'><strong>quid</strong></span> <span class='ocrx_word' id='word_1_282' title='bbox 665 3881 716 3938; x_wconf 81' lang='lat' dir='ltr'><strong>O&#39;c</strong></span> <span class='ocrx_word' id='word_1_283' title='bbox 818 3882 848 3935; x_wconf 93' lang='lat' dir='ltr'><strong>in</strong></span> <span class='ocrx_word' id='word_1_284' title='bbox 870 3879 931 3936; x_wconf 82' lang='lat' dir='ltr'><strong>Ge.</strong></span> <span class='ocrx_word' id='word_1_285' title='bbox 949 3881 967 3934; x_wconf 86' lang='lat' dir='ltr'><strong>l.</strong></span> <span class='ocrx_word' id='word_1_286' title='bbox 984 3883 1056 3934; x_wconf 58' lang='grc' dir='ltr'><strong>ποθ</strong></span> <span class='ocrx_word' id='word_1_287' title='bbox 1166 3881 1257 3950; x_wconf 81' lang='lat' dir='ltr'><strong>glorie</strong></span> <span class='ocrx_word' id='word_1_288' title='bbox 1279 3878 1314 3936; x_wconf 82' lang='lat'><strong>0¹</strong></span> <span class='ocrx_word' id='word_1_289' title='bbox 1418 3877 1452 3932; x_wconf 88' lang='lat'><strong>11</strong></span> <span class='ocrx_word' id='word_1_290' title='bbox 1470 3877 1556 3932; x_wconf 80' lang='lat' dir='ltr'><strong>estote</strong></span> 
     </span>
     <span class='ocr_line' id='line_1_34' title="bbox 422 3963 1523 4034; baseline -0.007 -10"><span class='ocrx_word' id='word_1_291' title='bbox 422 3966 589 4024; x_wconf 77' lang='lat' dir='ltr'><strong>Oo.i.m.2</strong></span> <span class='ocrx_word' id='word_1_292' title='bbox 672 3970 702 4022; x_wconf 84' lang='lat' dir='ltr'><strong>ot</strong></span> <span class='ocrx_word' id='word_1_293' title='bbox 719 3969 796 4033; x_wconf 78' lang='lat' dir='ltr'><strong>(cote</strong></span> <span class='ocrx_word' id='word_1_294' title='bbox 813 3966 887 4034; x_wconf 89' lang='lat' dir='ltr'><strong>eccl.)</strong></span> <span class='ocrx_word' id='word_1_295' title='bbox 910 3965 1075 4022; x_wconf 65' lang='lat' dir='ltr'><strong>(istm</strong></span> <span class='ocrx_word' id='word_1_296' title='bbox 1156 3965 1190 4020; x_wconf 74' lang='lat'><strong>12</strong></span> <span class='ocrx_word' id='word_1_297' title='bbox 1209 3964 1333 4021; x_wconf 85' lang='lat' dir='ltr'><strong>omnibus</strong></span> <span class='ocrx_word' id='word_1_298' title='bbox 1355 3963 1523 4020; x_wconf 66' lang='lat' dir='ltr'><strong>cutm</strong></span> 
     </span>
     <span class='ocr_line' id='line_1_35' title="bbox 419 4046 1558 4122; baseline -0.006 -15"><span class='ocrx_word' id='word_1_299' title='bbox 419 4053 454 4107; x_wconf 81' lang='lat'><strong>13</strong></span> <span class='ocrx_word' id='word_1_300' title='bbox 472 4053 612 4122; x_wconf 81' lang='lat' dir='ltr'><strong>oppinitur</strong></span> <span class='ocrx_word' id='word_1_301' title='bbox 635 4051 670 4109; x_wconf 82' lang='lat'><strong>0¹</strong></span> <span class='ocrx_word' id='word_1_302' title='bbox 772 4051 898 4107; x_wconf 76' lang='lat' dir='ltr'><strong>somene</strong></span> <span class='ocrx_word' id='word_1_303' title='bbox 1007 4050 1041 4104; x_wconf 89' lang='grc'><strong>19</strong></span> <span class='ocrx_word' id='word_1_304' title='bbox 1058 4065 1143 4121; x_wconf 86' lang='lat' dir='ltr'><strong>usque</strong></span> <span class='ocrx_word' id='word_1_305' title='bbox 1159 4050 1282 4121; x_wconf 82' lang='lat' dir='ltr'><strong>proximo</strong></span> <span class='ocrx_word' id='word_1_306' title='bbox 1300 4065 1348 4104; x_wconf 85' lang='lat' dir='ltr'><strong>suo</strong></span> <span class='ocrx_word' id='word_1_307' title='bbox 1368 4046 1456 4103; x_wconf 76' lang='lat' dir='ltr'><strong>Orod</strong></span> <span class='ocrx_word' id='word_1_308' title='bbox 1473 4062 1558 4116; x_wconf 84' lang='lat' dir='ltr'><strong>usque</strong></span> 
     </span>
     <span class='ocr_line' id='line_1_36' title="bbox 419 4131 1559 4208; baseline -0.008 -14"><span class='ocrx_word' id='word_1_309' title='bbox 419 4155 482 4208; x_wconf 74' lang='lat' dir='ltr'><strong>exp.</strong></span> <span class='ocrx_word' id='word_1_310' title='bbox 501 4144 528 4195; x_wconf 78' lang='lat' dir='ltr'><strong>et</strong></span> <span class='ocrx_word' id='word_1_311' title='bbox 544 4153 592 4193; x_wconf 86' lang='lat' dir='ltr'><strong>ouo</strong></span> <span class='ocrx_word' id='word_1_312' title='bbox 609 4153 631 4194; x_wconf 87' lang='lat' dir='ltr'><strong>c.</strong></span> <span class='ocrx_word' id='word_1_313' title='bbox 648 4138 665 4193; x_wconf 78' lang='lat' dir='ltr'><strong>t</strong></span> <span class='ocrx_word' id='word_1_314' title='bbox 684 4140 756 4193; x_wconf 67' lang='lat' dir='ltr'><strong>md</strong></span> <span class='ocrx_word' id='word_1_315' title='bbox 852 4135 888 4192; x_wconf 72' lang='lat'><strong>20</strong></span> <span class='ocrx_word' id='word_1_316' title='bbox 905 4139 1037 4206; x_wconf 81' lang='lat' dir='ltr'><strong>quotenne</strong></span> <span class='ocrx_word' id='word_1_317' title='bbox 1059 4137 1102 4203; x_wconf 84' lang='lat'><strong>0¹,</strong></span> <span class='ocrx_word' id='word_1_318' title='bbox 1120 4135 1201 4206; x_wconf 84' lang='lat' dir='ltr'><strong>quele</strong></span> <span class='ocrx_word' id='word_1_319' title='bbox 1219 4135 1272 4192; x_wconf 81' lang='lat' dir='ltr'><strong>G‘o</strong></span> <span class='ocrx_word' id='word_1_320' title='bbox 1363 4133 1398 4188; x_wconf 78' lang='lat'><strong>22</strong></span> <span class='ocrx_word' id='word_1_321' title='bbox 1415 4132 1499 4187; x_wconf 81' lang='lat' dir='ltr'><strong>etism</strong></span> <span class='ocrx_word' id='word_1_322' title='bbox 1515 4131 1559 4186; x_wconf 92' lang='lat' dir='ltr'><strong>iu-</strong></span> 
     </span>
     <span class='ocr_line' id='line_1_37' title="bbox 418 4217 1526 4293; baseline -0.006 -13"><span class='ocrx_word' id='word_1_323' title='bbox 418 4225 586 4282; x_wconf 82' lang='lat' dir='ltr'><strong>tidciibueG</strong></span> <span class='ocrx_word' id='word_1_324' title='bbox 704 4224 899 4293; x_wconf 71' lang='lat' dir='ltr'><strong>sauroctonon</strong></span> <span class='ocrx_word' id='word_1_325' title='bbox 917 4223 969 4280; x_wconf 74' lang='grc' dir='ltr'><strong>1Ἰό</strong></span> <span class='ocrx_word' id='word_1_326' title='bbox 1086 4223 1121 4279; x_wconf 80' lang='lat'><strong>26</strong></span> <span class='ocrx_word' id='word_1_327' title='bbox 1139 4223 1256 4278; x_wconf 75' lang='lat' dir='ltr'><strong>edentis</strong></span> <span class='ocrx_word' id='word_1_328' title='bbox 1277 4220 1307 4287; x_wconf 81' lang='grc'><strong>0,</strong></span> <span class='ocrx_word' id='word_1_329' title='bbox 1325 4217 1526 4277; x_wconf 70' lang='lat' dir='ltr'><strong>conscientiae</strong></span> 
     </span>
     <span class='ocr_line' id='line_1_38' title="bbox 420 4310 713 4369; baseline -0.007 -2"><span class='ocrx_word' id='word_1_330' title='bbox 420 4310 455 4367; x_wconf 72' lang='grc'><strong>11</strong></span> <span class='ocrx_word' id='word_1_331' title='bbox 473 4314 503 4368; x_wconf 83' lang='lat' dir='ltr'><strong>et</strong></span> <span class='ocrx_word' id='word_1_332' title='bbox 523 4311 583 4369; x_wconf 82' lang='lat' dir='ltr'><strong>Ge.</strong></span> <span class='ocrx_word' id='word_1_333' title='bbox 601 4311 618 4366; x_wconf 77' lang='lat' dir='ltr'><strong>t</strong></span> <span class='ocrx_word' id='word_1_334' title='bbox 637 4313 713 4368; x_wconf 65' lang='grc' dir='ltr'><em>Μ</em></span> 
     </span>
    </p>
   </div>
   <div class='ocr_carea' id='block_1_6' title="bbox 0 0 2012 5054">
    <p class='ocr_par' dir='ltr' id='par_1_6' title="bbox 0 0 2012 5054">
     <span class='ocr_line' id='line_1_39' title="bbox 0 0 2012 5054; baseline 0 0"><span class='ocrx_word' id='word_1_335' title='bbox 0 0 2012 5054; x_wconf 95' lang='lat' dir='ltr'><strong> </strong></span> 
     </span>
    </p>
   </div>
  </div>
 </body>
</html>
