4012 5066
444 399 504 458 112
912 392 1094 462 Appendiu

440 550 516 610 alius
531 568 598 612 uere
613 552 760 612 confessus
775 552 830 622 est,
852 550 920 624 quie
934 551 1068 610 innocens
1090 549 1224 608 iniuriam
1239 549 1357 621 petitur.
1380 548 1463 606 Iesus
1477 552 1574 608 eutem

441 651 538 712 ambus
553 651 754 724 speculabatur
767 653 803 712 de
817 652 899 728 ligne
913 650 1103 726 speculeterie
1118 650 1316 724 blasphemum
1331 652 1362 709 et
1372 649 1574 720 confesserem,

442 752 631 813 confesserem
661 754 786 814 seluenit
812 757 842 814 et
866 753 1064 828 blasphemum
1089 753 1224 826 perdidit,
1252 753 1339 813 sicuti
1364 751 1399 811 de
1429 753 1500 811 dues
1521 767 1574 825 pe-

440 854 524 928 pulee
539 854 617 914 lecit
679 875 681 880 ·

411 953 431 1012 8
484 956 684 1017 Persecutores
709 957 850 1029 derelicti,
876 957 926 1030 qui
947 955 978 1016 in
998 958 1128 1018 aeternae
1152 957 1254 1017 mertis
1274 955 1419 1016 sententie
1440 954 1496 1014 sibl
1517 971 1595 1015 nene

440 1057 622 1130 crediderint,
637 1058 662 1118 si
678 1057 721 1118 sic
734 1058 768 1118 de
783 1058 895 1118 saecule
911 1058 1041 1128 exierint,
1056 1057 1181 1131 perient:
1193 1061 1294 1131 gentes
1305 1061 1400 1117 entem
1414 1057 1450 1116 ed
1462 1072 1493 1115 se
1505 1073 1575 1116 een·

441 1175 541 1218 uemee
552 1159 636 1220 fidem
647 1159 704 1219 sibi
714 1159 863 1232 hebentes,
877 1159 945 1233 quie
955 1158 1033 1218 filius
1044 1158 1097 1218 Dei
1108 1163 1162 1231 est,
1175 1159 1280 1219 salusti
1292 1158 1431 1218 nluebunt
1441 1157 1472 1217 in
1480 1164 1577 1218 aeter-

441 1275 478 1318 na
493 1260 608 1320 saecula
621 1261 798 1320 saeculorum
813 1277 877 1320 cum
898 1261 1096 1332 imperatorem
1111 1263 1141 1320 et
1155 1277 1250 1334 regem
1266 1277 1358 1319 suum.
1386 1277 1452 1319 uere
1467 1260 1497 1318 in
1512 1259 1576 1332 ipsa

441 1361 834 1436 passienependensinligne
844 1362 916 1420 dues
927 1363 1024 1435 pentes
1032 1360 1131 1436 pepuli
1141 1361 1318 1436 prespiciens
1328 1361 1532 1434 speculabatur
1540 1359 1575 1419 de

440 1461 500 1519 alte
512 1461 600 1534 ligne,
617 1463 727 1534 partem
739 1462 1032 1536 populiquiuidsrent
1042 1463 1164 1522 mutuus
1175 1463 1239 1522 elue
1249 1462 1396 1521 mirebiles
1406 1464 1436 1521 et
1447 1460 1572 1532 deificas,
1583 1482 1609 1521 ne

440 1561 598 1636 patientem
624 1563 707 1622 illum
735 1563 868 1624 iniurium
894 1563 1023 1624 delentes
1048 1564 1216 1639 plerebent:
1239 1565 1291 1623 elli
1305 1580 1373 1623 uere
1388 1563 1486 1623 Iudaei
1501 1562 1573 1622 inri-

441 1662 541 1724 dentes
556 1664 592 1724 de
612 1663 771 1725 banundine
785 1667 871 1738 ceput
884 1665 911 1725 ei
926 1666 1110 1738 quassabant,
1131 1666 1365 1740 blasphemantes
1379 1668 1410 1725 et
1430 1665 1573 1725 dieentes:

440 1782 505 1825 ane
536 1783 600 1825 rex
621 1767 853 1837 Iudaeorum,
876 1767 937 1825 ubi
966 1768 1024 1826 est
1043 1769 1150 1840 pater
1170 1769 1276 1826 tunsi
1299 1767 1428 1826 esuriat
1448 1770 1486 1824 et
1506 1765 1573 1824 eli-

442 1867 546 1927 beret
568 1869 603 1925 te
625 1868 666 1928 de
689 1884 806 1929 cruce.
828 1868 929 1929 exinde
955 1867 1138 1929 exacerbatus
1163 1872 1246 1940 pater
1271 1867 1341 1928 lecit
1366 1868 1476 1926 caelum
1490 1869 1573 1942 pate-

441 1968 557 2040 faetum,
573 1973 603 2028 et
628 1969 756 2030 tonitrua
770 1971 848 2030 faeta
862 1974 930 2029 sunt
945 1971 983 2045 [et
997 1970 1140 2045 tenebrae]
1156 1968 1376 2041 insustinibiles,
1402 1974 1481 2028 terra
1495 1984 1573 2026 eem-
1584 1993 1610 2032 ue

441 2071 519 2127 meta
543 2071 598 2141 est,
624 2069 768 2144 petetacte
784 2073 853 2130 eunt
867 2071 998 2144 sepulcre
1013 2075 1043 2130 et
1057 2087 1177 2144 corpere
1191 2071 1268 2131 lorus
1282 2087 1301 2130 a
1314 2086 1346 2130 se
1361 2069 1451 2142 misit,
1477 2068 1573 2128 uelum

440 2170 542 2244 templi
563 2171 685 2230 scissum
705 2175 751 2230 est
770 2175 800 2231 et
815 2174 929 2231 stante
950 2172 1063 2246 fregere
1077 2173 1149 2233 caeli
1164 2177 1194 2231 et
1208 2175 1302 2233 terrae
1317 2175 1395 2232 metu
1410 2189 1508 2232 emues
1523 2171 1574 2244 qui

440 2272 557 2330 subant
575 2275 642 2332 unte
662 2272 774 2346 lignum
793 2272 845 2332 alii
861 2273 990 2333 delentes
1004 2274 1054 2332 alil
1068 2291 1135 2333 uere
1150 2274 1383 2348 blasphemantes
1411 2272 1574 2331 inludentes

440 2373 578 2445 prostrati
592 2374 622 2431 in
637 2373 739 2432 facient
754 2373 903 2438 ieeuerunt
922 2377 1076 2434 trementes
1093 2378 1238 2448 tamquem
1253 2373 1366 2434 mertui.
1391 2377 1459 2432 tune
1473 2368 1573 2432 Iudaei

441 2472 645 2534 intellexerunt
665 2491 696 2533 se
716 2474 867 2534 effundisse
889 2475 979 2535 Deum
1001 2478 1031 2534 et
1051 2477 1081 2534 in
1095 2474 1205 2535 luctum
1219 2476 1350 2536 eenuerei
1364 2478 1442 2545 sunt,
1470 2476 1500 2534 et
1514 2471 1609 2533 fuitne

440 2575 630 2635 smeerbatie.
653 2591 685 2636 ee
712 2577 787 2634 enim
811 2579 938 2650 tempere
964 2594 1020 2650 que
1045 2577 1075 2636 in
1101 2577 1180 2650 ligne
1206 2577 1333 2636 eenlixus
1346 2576 1483 2651 pependit
1509 2576 1571 2633 dies

440 2674 556 2734 luerunt
576 2676 739 2749 animorum,
760 2677 810 2750 qui
831 2680 900 2736 eunt
920 2677 981 2736 dies
1001 2674 1070 2736 festi
1090 2678 1268 2736 Iudaeorum.
1292 2695 1326 2737 ee
1341 2678 1387 2736 die
1410 2679 1570 2736 metuentes

507 2906 541 2959 13
558 2905 660 2964 neue.
679 2907 723 2972 27,
739 2908 782 2961 40.
801 2909 843 2962 49.

402 3132 404 3136 ’
510 3141 734 3210 lpetiebetnre
864 3143 1076 3198 deenieeeerern
1094 3165 1114 3213 p
1131 3161 1153 3199 e.
1171 3145 1189 3198 l.
1206 3148 1280 3198 eu.2
1406 3144 1526 3199 seluebit
1543 3147 1571 3198 et

436 3225 614 3279 confesserem
635 3227 661 3281 Τ
801 3226 904 3282 dnebue
922 3228 1026 3296 populis
1045 3229 1128 3297 Mpe
1264 3231 1282 3283 5
1299 3228 1427 3283 derelicto
1446 3232 1477 3293 Τ,
1495 3229 1569 3283 dere·

439 3310 499 3366 lieti
516 3313 619 3380 suutp
712 3311 741 3366 in
758 3328 845 3382 eume
939 3313 1082 3368 sententiis
1100 3313 1137 3379 T,
1155 3315 1354 3386 sententiemp
1449 3316 1502 3370 sibi
1520 3331 1570 3370 eeu

439 3396 543 3462 ugsi'l’
621 3397 977 3468 usipeteeeeubp·
1049 3399 1538 3470 perintM'T,perirentpe.l.ee.2

436 3483 526 3533 eutem
548 3481 579 3545 Τ,
596 3495 660 3536 nere
677 3481 751 3551 nepe
828 3499 969 3537 conuersae
988 3483 1070 3553 ΜΤμ
1150 3485 1305 3539 'lealnetue
1323 3503 1361 3554 μυ
1440 3485 1571 3540 nidebnnt

437 3565 521 3629 ΜΤυ,
540 3564 740 3637 uidebunturp
861 3568 957 3622 Suum
975 3585 1060 3626 orne
1186 3571 1386 3641 impereterep
1507 3587 1571 3641 rege

435 3665 521 3720 euep
695 3666 787 3704 nerum
805 3669 843 3720 pe
1014 3653 1042 3708 in
1059 3654 1119 3722 ipsa
1136 3655 1175 3724 p]
1197 3656 1283 3724 ipsam
1307 3655 1457 3724 passionem
1476 3656 1540 3709 MT
1608 3689 1610 3693 -

437 3734 471 3788 10
488 3750 585 3803 perse
700 3734 864 3790 uiderintT
983 3737 1374 3803 llininniuse,inluria1'
1487 3739 1520 3792 12
1538 3737 1571 3793 de

436 3839 536 3892 capp
646 3825 681 3892 ei]
700 3823 758 3878 eine
776 3841 813 3893 pe
924 3825 958 3878 13
975 3827 1044 3880 hene
1062 3826 1137 3880 M
1238 3825 1368 3894 uenietp
1472 3825 1571 3879 liberet

435 3908 508 3978 Μμυ
612 3909 646 3962 14
663 3911 692 3962 te
709 3924 794 3964 orme
896 3909 1052 3980 patefierie
1154 3911 1189 3965 15
1206 3913 1234 3964 et
1251 3911 1377 3964 tenebrae
1391 3927 1441 3965 erre.
1456 3911 1535 3979 ΜΤμ

435 3991 636 4046 insustinibilia
652 4013 672 4062 μ
801 3995 834 4049 16
851 3997 893 4049 eet
910 4011 959 4049 em.
979 3996 1030 4050 Me
1155 3996 1272 4065 corpere]
1291 3995 1355 4050 cdd.
1374 4014 1402 4051 e:
1421 4013 1470 4050 sue
1488 3995 1569 4049 eiece·

434 4080 500 4130 runt
517 4080 546 4131 ab
665 4079 831 4135 miserente
948 4081 980 4135 l'l
998 4081 1112 4135 scissum
1129 4085 1172 4136 est
1189 4081 1217 4135 in
1236 4081 1340 4136 duabus
1358 4082 1483 4150 partibus
1500 4083 1537 4136 Μ

434 4165 525 4216 metus
542 4162 624 4228 Μ’Τ,
641 4166 732 4218 metue
750 4166 813 4218 snut
831 4164 885 4228 Μ’,
902 4181 952 4219 em.
971 4185 991 4234 μ
1062 4165 1095 4220 18
1111 4169 1140 4221 et
1152 4165 1325 4222 illudenteee
1393 4168 1429 4220 21)
1440 4151 1536 4237 dffirp

434 4247 467 4301 21
486 4246 583 4302 infixus
601 4249 638 4303 M
739 4249 773 4302 22
791 4265 978 4318 eeymernme
