4016 5054
467 435 526 500 182
938 427 1121 498 Appendir.

461 587 607 648 tientes
640 586 908 648 conscientiam
930 587 1092 661 ipsorum
1129 584 1316 646 infirmam
1346 583 1383 642 iu
1405 582 1595 644 christum

464 689 642 764 peccatis.
666 691 697 750 ot
709 688 825 764 quidem
839 703 897 750 non
911 687 966 748 hoc
981 687 1132 748 iuuenibus
1147 688 1259 746 tantum
1282 685 1334 745 soi
1348 685 1379 745 et
1394 684 1512 744 senibus
1527 700 1594 744 ron·

462 792 542 867 grnit
557 792 680 851 fratrum
695 789 880 852 inbecillitati
893 790 1057 862 aemulare,
1079 806 1115 850 ue
1139 791 1272 850 naeuus
1286 787 1382 868 perire
1397 789 1533 862 prouocet
1547 785 1594 848 in-

463 896 622 966 nentutem,
637 911 672 955 ex
686 911 745 968 qna
758 892 866 952 <labent
880 891 975 952 omnia
989 891 1129 952 mutans
1144 891 1313 951 documenta
1333 889 1503 962 procedere:
1518 887 1594 949 nont

461 996 583 1056 ltlssaar
594 996 624 1054 in
638 995 713 1056 libro
726 995 966 1054 lischabmornm
979 993 1131 1068 profitetur
1145 997 1174 1054 et
1189 993 1275 1054 uicit:
1288 990 1486 1067 praemitti
1501 991 1619 1054 malos

462 1100 499 1160 in
521 1098 710 1160 infernum
733 1099 847 1176 [quarn
876 1098 1023 1172 patrias
1050 1097 1155 1171 leges
1184 1095 1377 1172 desereret.
1411 1094 1595 1155 nonenim

462 1203 623 1262 aetatem
645 1203 810 1261 nostram
832 1200 981 1276 iignum
1003 1199 1062 1257 ast
1084 1197 1250 1272 fingere,
1278 1196 1449 1256 etmulti
1470 1196 1594 1256 aiulo·

462 1302 644 1362 scentiam
687 1301 869 1362 arbitrati
911 1299 1128 1361 Eleazarum
1169 1299 1376 1373 nonaginta
1419 1314 1593 1359 annornm

462 1403 645 1464 transisse
681 1403 723 1463 ad
759 1402 874 1462 nitanu
911 1401 1207 1475 alienigenarum
1250 1402 1287 1460 et
1325 1399 1399 1475 ipsi
1440 1401 1595 1474 propter

462 1521 572 1565 meam
592 1503 869 1565 simulationem
884 1505 1085 1579 etpropter
1100 1502 1276 1564 modicum
1291 1503 1328 1562 et
1343 1500 1629 1574 corruptibilem

461 1609 607 1680 tempus
629 1605 732 1666 uitae
753 1621 883 1679 parma
902 1607 1135 1679 seducantur,
1158 1607 1195 1664 et
1215 1604 1335 1664 odium
1356 1620 1397 1664 ac
1418 1601 1593 1663 maculam

462 1707 652 1768 senectuti
674 1723 771 1767 meaa
793 1707 995 1782 acquiram.
1027 1707 1078 1767 ille
1100 1706 1203 1766 maluit
1229 1706 1319 1766 uitam
1340 1723 1422 1766 snam
1443 1705 1594 1766 tormentis

463 1807 575 1868 obicere
589 1825 676 1882 qnam
690 1809 822 1882 cuiquam
837 1809 976 1882 magister
989 1809 1160 1883 perditionis
1174 1807 1315 1867 existere:
1338 1811 1368 1867 et
1382 1824 1435 1868 nos
1449 1808 1499 1866 ubi
1514 1807 1595 1868 nulls

463 1911 608 1969 tormenta
621 1909 704 1983 sunt,
730 1909 856 1970 lumbus
870 1909 940 1970 solis
961 1910 1114 1970 mirandos
1136 1909 1241 1970 iratres
1263 1907 1396 1969 nolumus
1411 1912 1590 1988 anteponens,

463 2025 517 2069 nec
532 2009 658 2070 contenti
673 2027 771 2070 snmus
797 2010 860 2070 sine
885 2010 955 2068 ullis
982 2011 1157 2071 cruciatibus
1179 2013 1239 2070 tam
1260 2011 1344 2070 nobis
1359 2011 1493 2083 prodesse
1508 2029 1594 2084 qnam
1606 2028 1631 2068 ra

466 2110 579 2184 ceteris,
595 2127 659 2170 cum
673 2109 725 2170 ille
739 2109 834 2171 noluit
848 2110 947 2172 ninere
961 2112 1127 2185 moriturus,
1143 2111 1221 2172 sicut
1235 2110 1357 2172 interius
1368 2113 1536 2186 prosecutus
1550 2115 1596 2173 ast

463 2209 576 2271 dicens:
599 2213 832 2285 quamobrem
854 2211 1010 2273 iortiter
1043 2212 1158 2272 uitam
1184 2215 1366 2273 excedens
1400 2216 1596 2273 senectute

463 2312 608 2386 quidem
623 2311 759 2387 dignus
774 2314 978 2387 adparsbo,
994 2313 1307 2375 adulescentibus
1320 2313 1465 2389 quidem
1481 2331 1592 2375 exom-

462 2413 560 2487 plum
581 2413 680 2476 iorte
708 2414 933 2489 relinquam,
968 2417 1007 2475 nt
1035 2418 1203 2491 prompto
1231 2415 1347 2476 animo
1374 2433 1415 2476 ac
1441 2416 1596 2476 fortiter

464 2531 528 2589 pro
561 2516 746 2590 grauibus
768 2519 804 2576 et
826 2515 969 2578 sanctis
996 2517 1144 2591 legibus
1171 2517 1330 2578 honesta
1356 2520 1470 2578 morte
1497 2534 1632 2579 seco-ao

464 2615 562 2676 iant.
587 2634 652 2678 cum
675 2617 730 2677 hoc
744 2616 831 2677 otiam
854 2617 943 2680 laicos
958 2618 1072 2691 (lassat,
1095 2633 1132 2677 ne
1152 2620 1203 2678 ant
1218 2618 1360 2679 extraneis
1375 2619 1593 2694 blasphemandi

465 2717 627 2779 occasiones
642 2721 694 2779 ant
707 2717 887 2779 fraternitati
901 2718 1143 2794 opportunitatem
1158 2719 1356 2780 fornicationis
1367 2723 1521 2796 opponant,
1533 2723 1594 2782 turn

466 2819 588 2880 msmme
603 2819 722 2881 clericos
736 2822 924 2882 uehementer
944 2821 1102 2881 necessitas
1118 2821 1175 2882 ista
1199 2821 1388 2896 mastruga,
1418 2823 1523 2896 quibus
1544 2827 1596 2882 ant

464 2918 567 2992 religio
582 2919 783 2995 blasphemato
797 2923 847 2981 ant
861 2921 1030 2982 fraternitas
1044 2923 1159 2995 perdita
1172 2907 1280 2996 poenas
1294 2924 1423 2997 duplices
1438 2925 1593 2998 inrogabit.

465 3035 519 3080 nec
533 3020 681 3081 insanient
695 3020 725 3080 in
740 3021 845 3083 iudicio
857 3023 971 3083 Domini
983 3023 1073 3082 ullam
1087 3023 1201 3085 omnino
1217 3023 1352 3084 solacium
1365 3025 1414 3100 qni
1426 3024 1596 3100 alienigenis
1605 3041 1631 3081 ra

464 3124 494 3181 et
509 3122 649 3184 iratribus
664 3124 799 3198 peccandi
815 3125 944 3186 fomitem
964 3124 1173 3188 ministrarunt.
1190 3129 1308 3201 propter
1328 3127 1403 3202 quod
1424 3127 1467 3189 sic
1487 3127 1596 3188 Paulus

463 3223 609 3298 apostolus
631 3223 728 3285 litum
749 3225 868 3286 instruit
883 3226 995 3287 dicens:
1019 3229 1054 3286 te
1076 3228 1196 3302 ipsum
1217 3227 1389 3288 bonorum
1412 3228 1595 3290 tactorum

464 3325 650 3400 praebens
681 3328 881 3402 exemplum
915 3328 951 3389 in
974 3329 1163 3404 doctrina,
1201 3329 1237 3388 in
1270 3329 1525 3405 integritate,
1558 3331 1597 3390 in

532 3571 597 3627 511
616 3572 684 3628 Mac
703 3575 727 3638 6,
747 3575 859 3631 23-25.
947 3577 1113 3632 111111sc.
1132 3577 1157 3644 6,
1175 3578 1218 3632 27.
1237 3579 1278 3632 28.
1357 3579 1392 3633 27
1410 3578 1464 3632 Tit
1483 3577 1508 3644 2,
1528 3579 1552 3632 l.
1570 3579 1596 3633 8.

533 3786 548 3839 1
567 3785 685 3853 ipsoram
708 3787 882 3852 0‚eorn1nc
993 3789 1094 3845 christo
1113 3805 1149 3844 es
1166 3790 1299 3844 christum
1321 3789 1431 3846 ΟΜ
1534 3792 1597 3844 iet

462 3869 498 3940 q.]
517 3869 641 3938 equidem
660 3869 683 3927 Ο
796 3873 1001 3930 5oleaaarnso
1116 3877 1133 3931 6
1152 3891 1233 3945 quam
1252 3891 1277 3944 p.
1297 3877 1315 3930 l.
1334 3876 1453 3931 deserere
1470 3891 1520 3930 ora.
1540 3875 1563 3930 0

462 3955 714 4012 laetatenostrso
783 3959 935 4014 11maen1a
950 3959 984 4017 0¹
1043 3961 1077 4014 14
1090 3961 1214 4029 fluxibus]
1227 3959 1412 4026 lnslbnasort.
1471 3961 1595 4015 nolumus

461 4055 482 4095 a.
502 4040 556 4096 io
645 4041 677 4095 11
696 4041 789 4098 uitae
878 4046 913 4101 18
925 4047 1009 4115 petas
1027 4044 1134 4116 quidem
1153 4061 1238 4101 orac
1327 4045 1433 4116 quidem
1456 4046 1484 4112 0,
1504 4048 1594 4100 autern

461 4127 573 4181 leodii.
598 4127 712 4181 Baioarii
787 4129 821 4184 19
838 4134 964 4200 prnrnpto
986 4132 1019 4187 0¹
1089 4132 1268 4186 2010an
1285 4133 1367 4186 morti
1386 4132 1562 4188 succedente

461 4210 496 4264 22
514 4211 540 4265 b.
559 4210 709 4267 occasiones
724 4212 754 4276 0,
773 4215 937 4270 occasionem
950 4215 1009 4272 b.o
1077 4217 1325 4286 oportunitatemO
1394 4220 1512 4287 opponat
1528 4217 1562 4273 0¹

461 4298 497 4353 24
514 4298 654 4368 inroganit
674 4301 707 4352 0¹
