4012 5056
431 460 571 510 LXXXIV

432 598 507 663 sunt
516 596 624 680 pretii.
641 595 709 664 uidi
720 597 892 680 plerasque,
908 598 964 664 sod
974 597 1186 664 unamuidere
1192 615 1254 664 non
1262 598 1399 684 eontigit
1407 599 1571 668 6606061-

432 725 500 776 sem
521 726 595 775 oum
614 706 700 775 notis
719 707 825 774 Iaoobi
844 707 982 776 Pamelii
1003 709 1036 774 et
1049 707 1187 776 Simonis
1202 707 1371 791 Goulurtii,
1397 730 1479 794 quae
1498 713 1571 796 post

432 818 646 884 Parisieusem
662 837 690 884 a.
709 819 793 885 1593
813 819 955 902 prodisse
969 818 1106 885 uidetur.
1126 819 1160 887 in
1175 839 1211 886 ea
1225 819 1312 886 unioi
1327 839 1420 903 quem
1434 822 1572 888 habebut

336 919 340 928 '
433 927 550 995 oodiois
565 927 728 996 euiusdam
742 927 878 1012 episcopi
892 929 1086 997 thonensis
1100 929 1271 1014 scripturas
1285 931 1426 998 onotasse
1440 929 1573 999 (100101-

431 1038 516 1105 tium
529 1038 723 1106 Beinhartus
743 1039 844 1106 editor
857 1039 1072 1106 Altdorieneis
1085 1042 1234 1108 testatur.

162 1237 165 1244 ι
308 1169 384 1215 aueo
476 1149 617 1216 Tandem
632 1169 661 1216 a.
677 1143 761 1216 1648
768 1149 930 1236 Bigaltius
944 1151 996 1218 uir
1010 1152 1044 1218 et
1058 1151 1217 1238 elegantia
1231 1152 1350 1238 ingenii
1365 1155 1397 1220 et
1412 1155 1572 1222 doetrinae

272 1238 413 1294 mim·
433 1261 522 1345 eopia
541 1260 676 1346 usmis
696 1262 786 1327 nouis
806 1261 958 1328 suenus
972 1262 1149 1330 inomaus
1163 1282 1258 1347 opero
1274 1261 1420 1348 cyprian
1434 1265 1570 1333 aarum

432 1368 532 1458 (apud
553 1371 618 1438 nid.
640 1371 816 1439 Methurini
837 1373 881 1440 du
900 1372 980 1439 Puis
1000 1372 1053 1438 uia
1068 1372 1218 1440 Iaoobaea
1238 1374 1297 1440 sub
1317 1373 1407 1458 signo
1422 1373 1570 1456 Coronas)

431 1482 518 1568 typis
547 1482 657 1549 edidit.
686 1483 722 1549 in
749 1483 936 1566 scriptorum
966 1483 1073 1550 ordine
1099 1503 1118 1550 a
1142 1484 1284 1552 Pamelio
1313 1485 1461 1552 instituto
1489 1483 1572 1550 nihil

430 1593 572 1659 mutauit
591 1593 654 1660 nisi
674 1595 758 1677 quod
778 1594 949 1678 epistulam
963 1593 1090 1660 Donati
1104 1595 1150 1661 od
1166 1595 1370 1690 capreosam
1388 1597 1424 1663 in
1440 1597 1570 1662 adnota-

432 1701 535 1769 tiones
555 1703 674 1769 reieoit.
697 1703 913 1770 adnotationes
928 1703 1109 1786 locupletes,
1131 1705 1246 1788 quibus
1261 1724 1340 1788 quae
1354 1708 1395 1772 ad
1409 1706 1504 1772 erisiu
1518 1704 1572 1770 uel

435 1814 577 1899 exegesin
597 1814 755 1898 pertinent
776 1813 895 1897 optime
916 1813 1097 1898 explicarit,
1119 1817 1225 1882 tomus
1241 1817 1322 1882 alter
1335 1815 1571 1900 comprehendit

435 1925 542 2008 eisque
556 1923 741 1990 aneodotum
755 1942 832 2006 opus
847 1943 884 1990 en
896 1924 1000 1990 oodioe
1010 1925 1158 1992 1101006061
1172 1927 1390 1993 uetustissimo
1404 1928 1572 2012 depromp-

435 2035 506 2100 tum
531 2033 583 2100 De
608 2033 834 2116 rebaptismate
861 2033 1091 2101 1160610·οΜ
1118 2037 1261 2102 inseruit.
1292 2037 1332 2102 ad
1360 2032 1572 2104 edomandam

437 2144 606 2212 editionem
635 2144 777 2230 Rigaltio
805 2145 929 2231 praeter
958 2144 1177 2213 (lorbeiensem
1203 2145 1265 2233 (6),
1296 2146 1479 2214 Thuaneum
1505 2146 1571 2232 (Ρ),

435 2255 619 2321 I'oxiousem
646 2253 709 2342 (Z),
739 2255 876 2340 11631011
906 2257 962 2342 (=
990 2257 1056 2322 eod.
1083 2256 1184 2322 Paris.
1213 2257 1297 2323 1653
1326 2276 1407 2323 seeo.
1432 2257 1512 2344 XII)
1540 2259 1573 2324 et

436 2363 595 2447 exemplar
629 2364 786 2448 quoddam
821 2364 1066 2448 Pomposianum
1100 2366 1389 2432 uetustissimornm
1425 2368 1569 2433 oodieum

441 2473 625 2540 Veronensis
646 2476 678 2540 et
692 2475 905 2540 Beneuentani
927 2475 1054 2541 oollatie
1075 2474 1114 2541 de
1134 2493 1197 2557 qna
1215 2494 1309 2558 supra
1330 2477 1374 2560 (p.
1389 2475 1484 2560 XIII)
1505 2476 1572 2541 dini

438 2585 563 2667 praesto
573 2583 646 2650 fuit.
662 2602 739 2667 quos
754 2603 827 2651 oum
841 2584 959 2651 ueteris
972 2585 1146 2668 scripturae
1160 2585 1347 2652 liniamenta
1359 2585 1495 2651 fideliter
1509 2601 1575 2651 ser·

440 2713 515 2762 nare
535 2695 806 2775 animaduerteret,
828 2713 861 2760 so
880 2713 987 2762 eorum
1002 2695 1174 2780 scripturas
1188 2713 1296 2762 omnes
1311 2695 1426 2780 inipso
1447 2712 1577 2779 operum

440 2807 587 2872 contextu
611 2807 843 2887 repraesentare
868 2806 1015 2873 debuisse
1037 2805 1126 2886 dieit,
1153 2807 1208 2872 sod
1228 2805 1453 2873 festinantibus
1474 2805 1577 2889 operis

440 2915 674 3002 typographicis
697 2935 770 2981 oum
793 2915 901 2982 adesso
921 2915 984 2982 sibi
1003 2933 1065 2982 non
1078 2915 1198 2997 Haeret,
1222 2916 1255 2981 id
1270 2915 1338 2980 fieri
1352 2935 1413 2983 non
1427 2916 1583 2999 potuisse.¹

440 3026 597 3111 relegauit
611 3026 712 3113 igitur
725 3026 911 3092 Veronensis
931 3027 965 3092 et
978 3025 1191 3093 Beneuentani
1206 3026 1281 3091 libri
1294 3026 1576 3110 locupletissimam

440 3136 625 3204 memoriam
636 3137 670 3203 in
682 3135 920 3214 0106060ιί006,
935 3136 1124 3204 lectionibus
1138 3136 1246 3218 paneis
1257 3137 1291 3202 in
1302 3137 1423 3202 tortum
1434 3135 1577 3218 reoeptis.

442 3246 612 3330 qnamuIsa
621 3245 787 3312 Veronensi
794 3245 908 3325 oodioe,
916 3246 1005 3312 onius
1013 3245 1292 3314 condioionemnon
1299 3245 1504 3329 perspexerat,
1513 3244 1578 3309 fere

442 3357 529 3424 totns
544 3356 689 3440 pendeat,
705 3357 928 3441 oireumspeoto
944 3357 977 3424 et
988 3358 1079 3424 aouto
1095 3355 1211 3423 iudioio
1222 3355 1257 3421 in
1268 3355 1419 3441 eligendis
1432 3345 1594 3422 leotioni·¹

442 3467 503 3534 bus
525 3467 557 3533 et
576 3467 784 3552 ponderandIs
804 3469 947 3533 uersatus
968 3465 1181 3532 emendatiora
1196 3469 1229 3532 et
1242 3465 1415 3550 integriora
1429 3463 1577 3548 Cypriani

444 3596 537 3661 opera
557 3577 661 3644 edidit
678 3597 774 3662 quam
795 3577 850 3661 qui
865 3597 902 3644 ea
915 3577 1005 3661 prius
1020 3577 1262 3664 castigauoraut.
1284 3577 1317 3643 in
1332 3577 1415 3644 oalee
1430 3573 1580 3643 editionis

444 3687 569 3756 Nioolai
583 3687 679 3754 Fabri
699 3689 892 3755 coniecturas
912 3687 1122 3770 lectionesque
1137 3707 1215 3772 quas
1231 3707 1247 3755 6
1263 3687 1422 3754 oodioibus
1437 3687 1492 3752 ille
1506 3703 1580 3751 eno·

318 3819 394 3863 sues
445 3799 571 3866 1606161
584 3799 709 3866 adieoit.
725 3799 859 3884 Rigaltii
874 3799 1044 3866 editionem
1059 3801 1168 3866 secuta
1181 3799 1231 3865 est
1243 3796 1424 3884 Oneniensis
1439 3815 1467 3862 a.
1485 3794 1579 3862 1682.

289 3887 427 3934 ⁰¹⁰¹¹⁸²¹¹¹'
447 3931 522 3978 nam
535 3911 701 3990 Reinharti
722 3911 818 3978 editio
840 3930 919 3994 qnae
934 3929 961 3977 a.
980 3909 1063 3977 1681
1080 3907 1254 3976 Altdorfiae
1268 3907 1385 3992 prodiit
1399 3907 1518 3974 nullius
1533 3908 1582 3973 est

446 4022 615 4100 momenti;
630 4022 659 4088 is
674 4021 758 4088 enim
771 4023 896 4104 praeter
911 4021 1065 4088 editiones
1079 4021 1203 4104 aliquot
1217 4018 1408 4102 antiquiores
1424 4017 1581 4086 eNorim·

447 4132 590 4218 bergensi
612 4131 804 4199 bibliotheea
826 4131 974 4200 aduectas
997 4149 1073 4199 mss.
1096 4130 1194 4198 libros
1215 4147 1292 4214 qnos
1314 4128 1433 4196 frustra
1454 4128 1488 4195 in
1504 4126 1583 4195 Ger·

447 4243 573 4311 maniae
592 4242 792 4311 bibnothoois
806 4244 983 4326 quaesierat
997 4243 1101 4311 nullos
1115 4243 1291 4326 usurpauit
1313 4240 1500 4307 Ononionses
1516 4239 1584 4307 edi-

449 4357 532 4424 tores
546 4355 592 4423 Io.
608 4355 716 4423 Fellus
733 4356 896 4440 episeopus
911 4354 1097 4423 Ononiensis
1112 4358 1145 4422 61
1159 4355 1204 4420 10.
1218 4353 1405 4420 Pearsonius
1420 4352 1585 4436 episeopus
