4016 5054
434 417 501 482 240
903 417 1088 487 Appendix.

433 574 510 635 tales
530 573 672 636 interdum
693 575 797 636 tolerat
811 575 941 652 ecelesia,
969 593 1004 636 ne
1020 576 1166 650 prouocati
1181 577 1274 651 magis
1288 575 1376 636 etiam
1390 577 1561 650 perturbent

433 677 571 751 populum
597 676 665 737 Dei:
690 679 740 737 aad
765 679 834 752 quid
861 679 979 752 prodest
993 695 1050 739 non
1064 677 1128 738 eiici
1143 681 1226 739 coetu
1240 679 1361 752 piorum,
1384 678 1410 738 si
1424 677 1562 739 nemetis

340 837 343 842 i
434 778 520 839 eiieio
543 797 610 838 nam
631 779 695 840 eiicr
710 779 866 839 remedium
881 783 927 840 est
940 783 971 839 et
985 781 1092 854 gradus
1106 783 1142 840 ad
1158 780 1378 854 recuperandam
1392 780 1561 840 sanitatem:

433 881 599 942 eiectionem
626 883 764 942 meruisse
790 900 902 942 summa
916 882 1057 942 malcrum
1071 885 1126 940 est.
1150 899 1185 944 ac
1199 882 1307 942 frustra
1320 882 1456 942 miscetur
1470 881 1563 942 coeteri

433 987 595 1044 sanctorum
611 984 641 1042 in
662 985 768 1058 temple
789 985 962 1056 manuriucte,
989 985 1014 1043 si
1041 984 1190 1045 submotus
1217 987 1262 1044 est
1276 1002 1295 1043 a
1308 984 1450 1044 consortie
1465 983 1518 1044 Dei
1533 986 1585 1044 eta

435 1087 472 1145 ab
486 1086 621 1146 uniuerso
635 1102 751 1158 corpore
765 1086 885 1162 mystico
901 1087 1019 1146 Christi.

386 1185 427 1242 29
477 1187 597 1262 Oportet
610 1193 706 1248 eutem
722 1187 838 1249 utillud
853 1188 1033 1249 considerare
1047 1192 1221 1263 quantopere
1234 1188 1390 1248 Christiani
1405 1189 1560 1250 abhorrent

432 1293 469 1352 ab
484 1290 652 1367 idolothytis
668 1295 698 1351 et
711 1294 749 1352 ab
762 1292 896 1365 ingressu
911 1291 1044 1352 fanorum
1058 1295 1144 1364 atqua
1158 1293 1196 1351 ab
1209 1291 1281 1366 ipsis
1292 1291 1378 1351 etiam
1389 1291 1561 1352 simulacris.

432 1410 497 1453 cum
522 1395 624 1453 boatus
638 1393 747 1452 Paulus
762 1393 865 1452 clamet
879 1411 970 1467 neque
985 1392 1094 1453 idolum
1108 1409 1171 1452 esse
1186 1392 1296 1466 aliquid
1308 1409 1399 1467 neque
1412 1393 1556 1467 idolothy-

431 1499 503 1567 tum,
530 1495 620 1554 multo
646 1495 740 1555 minos
767 1494 863 1553 fanum
892 1511 926 1554 ex
952 1493 1098 1570 lapidibus
1112 1496 1307 1554 constructum
1322 1497 1366 1554 est
1380 1494 1506 1569 aliquid:
1529 1496 1559 1554 et
1575 1512 1601 1550 ro

431 1601 528 1656 tamen
552 1597 741 1670 plurimorum
761 1597 873 1654 animun
889 1613 923 1655 ea
937 1596 1077 1669 religione
1092 1597 1215 1668 tenetur,
1243 1597 1278 1655 ut
1290 1597 1409 1655 merum
1423 1598 1561 1669 oppetunt

432 1697 519 1758 citius
543 1715 631 1772 quam
651 1700 770 1771 gustent
789 1697 874 1756 idolis
889 1697 1083 1756 immolatum:
1106 1700 1136 1756 et
1151 1696 1324 1770 inexpiabile
1338 1697 1484 1770 piaculum
1499 1713 1561 1756 esse

433 1802 550 1872 ducent,
573 1801 600 1860 si
626 1801 825 1873 ingrediantur
851 1800 949 1858 ionum
965 1800 1044 1859 Iouis
1065 1805 1116 1858 aut
1130 1801 1274 1873 Apollinis
1289 1804 1339 1859 ant
1354 1800 1462 1862 Dianae
1476 1816 1563 1875 seque

435 1905 538 1976 putent
564 1905 696 1962 conmctu
723 1901 868 1960 simulacri
895 1902 1080 1961 uehementer
1104 1903 1304 1961 contaminari.
1327 1902 1457 1975 equidem
1476 1903 1564 1974 probo

437 2003 538 2064 talium
552 2003 732 2076 religionem,
757 2002 784 2061 si
799 2003 856 2061 sibi
870 2006 985 2062 constet
999 2002 1030 2061 in
1049 2003 1190 2063 omnihus.
1214 2021 1290 2062 nunc
1304 2021 1355 2078 pro
1370 2002 1450 2062 dolor
1466 2003 1563 2063 nidere
1576 2023 1601 2062 re

438 2110 483 2166 est
509 2107 647 2180 quosdam
662 2105 693 2164 in
708 2103 754 2163 his
769 2120 859 2177 paene
875 2105 1075 2178 superstitiose
1090 2105 1228 2180 trepidos,
1254 2107 1285 2164 in
1307 2105 1372 2166 aliis
1387 2106 1436 2165 ubi
1450 2106 1566 2180 memor

439 2210 502 2268 erat
530 2206 677 2267 metuendi
702 2222 788 2265 causa
808 2206 928 2266 nimium
944 2222 1008 2266 essa
1024 2224 1149 2267 secures.
1172 2223 1341 2280 persensu
1355 2207 1486 2281 inquinat
1501 2208 1564 2267 ani·

438 2328 512 2369 mam
539 2311 687 2370 contactus
712 2306 782 2367 idoli
804 2325 857 2367 nec
872 2308 1022 2382 ingressus
1036 2308 1097 2367 lani
1112 2326 1164 2368 nec
1178 2325 1244 2368 aeus
1259 2308 1425 2384 idolothyti:
1447 2309 1499 2368 sed
1512 2326 1563 2383 per

436 2429 467 2472 se
494 2411 600 2484 polluit
626 2411 828 2470 conscientiam
849 2427 929 2469 amor
949 2410 1088 2482 pecuniae
1103 2410 1229 2470 incestus
1245 2411 1345 2485 rapina
1358 2410 1517 2486 hypocrisis
1532 2413 1562 2470 et

430 2515 478 2574 his
494 2513 601 2573 similia
615 2515 752 2572 monstra.
776 2530 861 2586 quam
876 2530 942 2572 uero
958 2513 1091 2585 congruit
1105 2515 1221 2572 horrere
1237 2513 1297 2572 iani
1312 2513 1482 2586 ingressum,
1504 2529 1556 2572 nae
1567 2528 1594 2568 ao

431 2617 547 2674 horrere
563 2615 593 2672 in
610 2613 716 2686 templo
732 2615 830 2673 sancte
852 2613 966 2686 spiritui
988 2619 1152 2673 consecrato
1178 2614 1311 2673 uictimas
1332 2615 1476 2673 immolare
1491 2613 1559 2673 dae-

432 2716 559 2777 moniis?
583 2717 687 2776 clamat
703 2717 819 2775 sanetus
836 2715 943 2774 Paulus
959 2715 1086 2774 scribens
1102 2715 1273 2774 Corinthiis:
1297 2715 1454 2774 nescitis
1477 2716 1566 2793 quio

432 2817 605 2891 templum
626 2817 691 2876 Dei
725 2818 829 2887 ostis,
863 2820 900 2875 et
929 2817 1090 2890 spiritus
1113 2817 1176 2876 Dei
1209 2817 1414 2876 habitatin
1438 2817 1562 2876 uobis?

432 2919 463 2978 si
486 2918 566 2992 quia
588 2922 705 2978 autem
727 2919 899 2991 templum
921 2918 986 2977 Dei
1009 2919 1222 2991 uiolauerit,
1245 2918 1437 2992 disperdet
1459 2918 1564 2978 illum

431 3020 535 3079 Deus.
560 3037 658 3078 rursus
686 3019 715 3078 in
741 3021 839 3080 eadem
860 3021 997 3094 epistola:
1021 3037 1064 3077 an
1086 3020 1247 3079 nescitis
1269 3021 1439 3094 queniam
1461 3037 1598 3080 mem-aa

430 3123 495 3181 bra
516 3124 643 3180 uestra
665 3120 842 3195 templum
864 3125 953 3180 sunt
975 3122 1095 3180 sancti
1125 3123 1287 3194 spiritua
1316 3123 1376 3195 qui
1399 3123 1433 3180 in
1456 3123 1563 3182 uobis

431 3225 505 3292 est,
539 3239 641 3295 quem
672 3222 821 3281 habetis
843 3240 861 3280 a
882 3222 953 3282 Deo
981 3225 1017 3281 et
1038 3240 1104 3281 nen
1134 3224 1227 3281 estis
1256 3223 1393 3283 uestri?
1431 3224 1507 3298 quod
1535 3226 1562 3284 ai

432 3323 658 3383 Christianorum
681 3327 796 3398 pectora
817 3324 873 3383 sihi
894 3325 1072 3385 conmonuit
1086 3325 1163 3384 Deus
1185 3329 1217 3384 ut
1233 3325 1263 3383 in
1279 3325 1338 3384 illis
1354 3326 1495 3386 inhabitet
1509 3344 1560 3400 per

430 3425 564 3500 spiritum
589 3443 682 3498 suum,
709 3426 769 3485 illic
794 3425 946 3485 deliciatur
967 3430 997 3486 et
1017 3427 1186 3498 inambulat,
1209 3427 1271 3486 illio
1296 3432 1373 3486 amat
1395 3427 1450 3486 eibi
1465 3429 1560 3488 offerri

430 3527 576 3586 uictimam
602 3544 704 3600 puram
718 3529 748 3585 iu
775 3529 852 3586 omni
867 3529 939 3588 leco.
963 3533 993 3588 et
1007 3531 1057 3601 qoi
1072 3531 1103 3587 in
1124 3530 1177 3588 hoc
1203 3530 1341 3602 templum
1362 3529 1421 3586 Deo
1447 3549 1594 3591 sacromeo

430 3630 520 3691 eiecto
546 3631 644 3690 sancte
666 3631 768 3703 spiritu
795 3631 908 3691 inducit
931 3631 1155 3694 abominationes
1184 3649 1255 3706 quas
1271 3631 1300 3692 in
1316 3633 1436 3708 mystica
1451 3634 1559 3694 uisiene

430 3734 579 3808 conspexit
594 3733 737 3805 Ezechiel,
763 3735 811 3808 qui
837 3733 900 3793 illic
925 3737 1021 3794 sedam
1048 3735 1118 3795 iacit
1143 3735 1320 3795 Mammcnae
1344 3736 1449 3794 Veneri
1476 3737 1560 3796 como

430 3835 543 3894 Baccho
570 3835 692 3910 aliisque
713 3837 864 3908 portantis,
890 3843 940 3910 qui
961 3837 1002 3896 ibi
1018 3837 1201 3896 daemonibus
1217 3837 1346 3897 immolet
1360 3838 1559 3912 spurcissimus

432 3937 550 4009 hostias,
578 3940 694 3996 ueretur
720 3936 832 4010 ingredi
859 3939 956 3998 lanum
983 3941 1112 4013 gentium
1133 3957 1168 3998 ne
1189 3940 1417 4000 contaminetur?
1439 3941 1557 4014 proinde

431 4054 512 4098 nemo
538 4038 594 4098 sibi
615 4037 723 4098 iruatra
737 4038 911 4110 blandiatur,
927 4040 1005 4100 Deus
1025 4057 1082 4100 non
1097 4039 1248 4099 irridetur:
1265 4042 1376 4100 constet
1389 4041 1447 4099 sibi
1461 4045 1595 4102 nostrane

498 4289 745 4354 montilli.
784 4285 788 4294 ’
849 4291 993 4347 adicer.
1012 4293 1038 4354 6,
1058 4293 1098 4346 19.
