4016 5054
693 473 739 529 De
758 472 891 543 duplici
908 473 1078 543 martyrio
1096 491 1119 530 c.
1136 473 1249 529 28-31.
1473 477 1536 542 241

402 631 514 706 religio,
530 647 583 691 nec
598 629 673 692 alios
688 629 861 691 detestemur
876 629 933 706 ipsi
948 631 1133 706 grauioribus
1148 632 1263 693 obnoxii
1278 631 1458 693 criminibus:
1485 649 1538 694 uec

400 735 470 795 alibi
497 734 588 794 simus
614 731 749 808 religiose
776 732 881 805 timidi,
908 731 981 793 alibi
1006 733 1190 808 impudenter
1211 733 1302 809 impii.
1325 735 1377 794 sed
1391 734 1538 794 christum

400 838 487 898 semel
503 836 629 912 professi
644 839 707 896 tota
721 836 783 896 uite
798 835 950 897 reddamus
966 834 1011 895 illi
1026 835 1235 908 testimonium,
1257 840 1287 898 et
1307 837 1431 910 undique
1446 836 1537 912 glori·

399 939 517 1001 ficemus
540 939 623 998 illurn
648 938 813 999 obedientes
834 937 914 998 illius
930 937 1108 1013 praeceptis:
1132 941 1166 997 ut
1180 938 1211 997 in
1225 939 1280 1000 hoc
1295 943 1470 1014 cognoscant
1483 940 1537 999 ho·

379 1041 493 1102 emines
515 1041 593 1118 quod
612 1057 682 1102 nere
697 1039 811 1102 fidimus
826 1039 881 1114 illi,
906 1041 983 1116 quod
998 1057 1034 1101 ex
1048 1039 1144 1102 animo
1159 1040 1307 1118 diligimus
1322 1039 1404 1102 illum
1419 1045 1448 1104 et
1462 1041 1538 1118 quod

399 1163 455 1205 non
471 1145 607 1204 simulate
622 1145 658 1202 ad
675 1159 788 1203 sacrum
801 1143 948 1202 lenucrum
964 1143 1127 1202 addiximus
1142 1160 1194 1203 uos
1209 1142 1289 1203 illius
1303 1143 1434 1204 militiae.

442 1247 552 1306 Beatus
572 1245 720 1319 apostolus
741 1244 885 1319 praedixit
905 1244 980 1303 nulli
995 1245 1043 1318 pie
1056 1245 1156 1305 uiuere
1172 1245 1281 1305 uolenti
1296 1245 1326 1304 in
1341 1245 1454 1305 Christo
1470 1245 1536 1305 Iesu
1547 1245 1590 1306 30

400 1347 565 1409 defuturam
591 1346 828 1420 persecutionem.
852 1346 878 1405 si
900 1346 980 1406 deest
1000 1351 1155 1422 tyrannus,
1183 1347 1326 1421 sitortor,
1341 1348 1367 1406 si
1382 1348 1535 1422 spoliator:

400 1468 457 1511 non
472 1450 565 1510 deerit
580 1448 813 1523 concupiscentia
826 1449 958 1526 martyrii
974 1450 1125 1510 materiam
1141 1449 1337 1524 quotidianam
1357 1450 1440 1510 nobis
1455 1451 1537 1510 exhi-

362 1554 479 1613 robens.
502 1554 646 1626 postremo
673 1551 746 1610 haec
769 1551 834 1624 ipse
858 1551 935 1611 mula
961 1568 1035 1626 quae
1062 1569 1160 1612 secum
1186 1550 1279 1612 defert
1299 1552 1361 1611 uita
1373 1551 1537 1612 mortalium

397 1669 527 1728 quaeque
541 1653 599 1728 piis
615 1669 678 1712 cum
694 1651 791 1727 impiis
805 1654 966 1713 communie
976 1658 1056 1728 eunt,
1071 1653 1205 1729 martyrii
1216 1670 1348 1715 eoronam
1359 1654 1443 1714 nobis
1453 1671 1536 1728 para-

395 1757 479 1828 bunt,
506 1755 532 1814 si
553 1752 677 1827 placide,
704 1754 730 1813 si
751 1771 814 1814 cum
829 1755 989 1829 gratiarum
1004 1757 1118 1816 actione
1133 1755 1344 1830 pertulerimus.
1367 1771 1460 1830 neque
1474 1756 1536 1830 pri-

395 1857 458 1916 uati
479 1860 549 1916 sunt
575 1855 709 1930 martyrii
729 1855 822 1928 gloria
841 1857 1013 1932 quicumque
1029 1858 1159 1918 uiolento
1173 1861 1265 1919 morte
1281 1858 1466 1917 consummati
1480 1875 1537 1917 non

395 1962 473 2018 sunt.
497 1957 563 2033 quis
589 1958 685 2017 autem
710 1959 787 2018 ausit
813 1960 859 2018 uel
874 1958 1023 2019 Abraham
1050 1960 1247 2034 patriarcham
1273 1957 1320 2020 ael
1340 1959 1425 2020 huius
1446 1959 1537 2020 illium

362 2081 386 2120 a
397 2061 481 2120 Isaac
496 2059 544 2121 nel
558 2061 676 2120 beatum
691 2061 743 2120 lob
759 2062 881 2122 eximere
895 2078 911 2120 e
927 2065 1085 2136 martyrum
1106 2065 1246 2122 numero?
1268 2077 1342 2137 quue
1357 2061 1536 2122 carnificinae

396 2161 516 2236 grauium
546 2165 694 2222 torserunt
723 2179 841 2236 corpus,
880 2180 966 2237 quarn
996 2162 1181 2237 patriarchae
1210 2164 1334 2222 mentem
1364 2161 1536 2237 torquebant

395 2267 516 2324 naturee
531 2264 662 2338 moetus,
677 2280 742 2325 cum
757 2263 956 2325 incunctanter
970 2267 1007 2325 ad
1026 2266 1080 2326 Dei
1095 2265 1206 2326 iussum
1221 2267 1375 2339 appararet
1388 2265 1535 2325 immolare

398 2367 488 2427 lilium
501 2367 617 2427 unicum
632 2369 663 2426 et
678 2367 761 2428 unice
776 2383 883 2440 cmum,
906 2367 937 2426 in
953 2384 1009 2441 quo
1023 2368 1087 2428 tota
1113 2385 1181 2441 spes
1195 2368 1259 2427 erat
1273 2366 1318 2426 illi
1332 2366 1534 2441 posteritatis?

396 2467 466 2542 quid
482 2467 576 2528 deluit
592 2466 675 2530 Isaac
690 2469 838 2544 martyrio,
853 2467 903 2543 qui
918 2467 993 2528 nihil
1008 2469 1228 2528 obmurmurans
1249 2485 1353 2542 pessus
1367 2470 1413 2526 est
1427 2484 1459 2527 aa
1475 2467 1534 2526 col·

361 2571 485 2644 religari
501 2575 531 2630 et
543 2570 651 2645 imponi
666 2570 761 2642 busto,
776 2586 829 2629 nec
844 2571 960 2643 expauit
974 2570 1005 2629 in
1020 2571 1162 2631 ceruicem
1177 2571 1319 2630 uibratenr
1333 2571 1533 2630 numeram?

395 2671 479 2731 cuius
504 2673 601 2732 autam
630 2671 798 2747 martyrium
822 2671 989 2731 audebimus
1016 2672 1146 2732 conferre
1171 2690 1235 2732 cum
1261 2672 1307 2732 his
1334 2688 1406 2746 quae
1430 2687 1536 2747 passus

394 2778 440 2834 est
462 2774 536 2834 Ione

437 2875 518 2946 ecoe
534 2875 560 2934 si
576 2875 643 2950 quis
659 2875 753 2936 udlruc
767 2875 873 2935 diffudit
888 2875 1012 2935 sermoni
1035 2878 1151 2948 uestro,
1174 2876 1252 2934 certe
1275 2872 1353 2934 beati
1366 2873 1450 2933 Pauli
1466 2890 1531 2934 uer·
1544 2870 1583 2928 31

392 2977 439 3036 bis
453 2994 511 3037 non
526 2977 638 3052 poterit
653 2976 794 3038 diffudere.
809 2976 835 3037 is
851 2977 981 3037 scribens
995 2977 1032 3036 ad
1047 2977 1194 3038 Hebraeos
1209 2993 1291 3036 orsus
1305 2976 1343 3035 ab
1357 2975 1431 3035 Abel
1442 2990 1533 3050 usque

359 3095 384 3136 ee
395 3080 432 3138 ad
446 3079 607 3140 dedeonem
618 3079 764 3153 ingentem
779 3082 942 3139 sanctorum
956 3079 1121 3153 catalogum
1135 3081 1275 3150 recenset,
1301 3079 1333 3137 in
1356 3094 1413 3151 quo
1434 3078 1533 3150 plures

393 3183 461 3241 sunt
475 3182 525 3256 qui
539 3199 598 3241 uon
614 3181 744 3242 defuncti
769 3185 837 3241 sunt
862 3183 952 3242 morte
965 3181 1112 3254 uiolenta,
1138 3181 1224 3242 immo
1250 3181 1333 3255 pauci
1348 3183 1415 3241 sunt
1427 3180 1475 3254 qui
1491 3179 1534 3238 ric

391 3283 498 3344 mortui
512 3286 600 3343 sunt:
623 3286 654 3343 et
668 3286 765 3344 tumen
780 3285 815 3344 de
829 3282 960 3343 omnibus
974 3283 1161 3357 pronuntiat:
1193 3286 1227 3343 et
1248 3283 1287 3342 hi
1309 3281 1533 3343 testimonio

381 3385 486 3457 ,fidei
506 3385 660 3461 probati
683 3384 831 3445 inuenti
858 3388 960 3457 sunt,
999 3385 1149 3460 perspicue
1179 3384 1328 3446 declarans
1352 3384 1440 3447 etiem
1469 3383 1533 3443 uita

390 3490 467 3550 bona
480 3490 582 3565 peregi
596 3489 766 3564 martyrium
781 3488 858 3548 fidei.
881 3488 1018 3550 ecclesiae
1029 3489 1146 3564 quidem
1161 3506 1231 3548 usus
1250 3488 1388 3550 discernit
1399 3487 1466 3548 illos
1482 3504 1532 3547 co·

355 3611 382 3651 uo
390 3589 585 3666 gnominibus,
595 3593 737 3666 martyres
743 3589 891 3665 appellans
899 3606 948 3650 eos
956 3591 1007 3665 qui
1017 3590 1147 3650 uiolenta
1158 3594 1249 3651 morte
1261 3590 1453 3660 decesserunt,
1463 3605 1532 3648 con·

390 3693 515 3754 sessores
530 3691 580 3767 qui
595 3695 762 3754 constanter
776 3693 806 3753 in
820 3693 995 3753 cruciatibus
1020 3710 1055 3752 ac
1080 3691 1168 3752 minis
1192 3691 1293 3752 mortis
1319 3691 1533 3766 professurum

390 3813 493 3856 nomen
506 3794 622 3856 Domini
636 3795 703 3854 lesu
717 3795 813 3869 parati
828 3797 949 3856 mortem
965 3796 1100 3868 oppetere
1114 3795 1162 3854 uel
1177 3793 1274 3868 potius
1285 3793 1415 3870 martyrii
1430 3809 1531 3866 supre-

390 3917 466 3959 mam
483 3914 615 3959 corouam
631 3895 801 3957 ambientes.
824 3898 900 3972 apud
914 3897 1007 3956 Deum
1022 3900 1119 3959 tamen
1134 3897 1306 3971 quicumque
1320 3913 1433 3957 carnem
1448 3913 1531 3956 seam

324 4052 331 4065 .
391 4001 595 4060 crucifixerunt
620 4017 685 4059 cum
706 3999 787 4059 uitiis
807 4002 838 4059 et
857 3999 1106 4072 concupiscentiis,
1133 3998 1304 4073 quicumque
1328 3999 1442 4058 Christo
1464 4016 1531 4060 uere

357 4103 559 4166 recommortui
586 4106 655 4163 sunt
682 4102 765 4178 eique
788 4101 818 4161 in
832 4101 975 4177 baptismo
998 4102 1161 4177 consepulti
1176 4105 1255 4175 suut,
1283 4103 1316 4162 ut
1330 4101 1387 4161 iam
1401 4118 1457 4160 non
1473 4101 1531 4161 sibi

390 4206 492 4266 uiuent
518 4222 610 4281 neque
637 4208 743 4267 mundo
759 4205 805 4267 cui
820 4205 909 4266 semel
923 4206 1029 4266 mortui
1045 4209 1125 4279 sunt,
1152 4205 1203 4265 sed
1225 4207 1252 4264 ei
1268 4207 1318 4281 qui
1333 4222 1385 4282 pro
1399 4204 1472 4278 ipsis
1485 4207 1531 4264 est

460 4355 495 4410 26
513 4355 595 4408 llebr.
615 4357 640 4421 1,
659 4355 701 4411 39.

493 4460 534 4508 111
554 4461 577 4506 n
1282 4447 1322 4506 16
