4012 5066
807 438 854 495 Do
877 439 1139 510 Rebeptismetc
1163 456 1184 495 c
1203 441 1228 494 6.
1545 441 1587 506 77

447 615 499 659 one
521 599 607 658 etiem
631 599 760 660 ethnicos
782 602 813 659 et
836 599 997 660 heereticoe
1018 600 1172 660 abutentes
1187 616 1289 661 nornen
1305 601 1371 661 Iesu
1388 603 1536 662 credamus
1550 598 1587 655 ed

446 699 569 760 salntem
595 701 657 760 sine
683 717 752 761 uers
777 719 808 762 re
833 705 921 776 etone
950 701 1067 776 integre
1086 719 1170 776 posse
1192 704 1352 776 peruenire.
1377 719 1463 776 quem
1489 705 1585 762 temen

448 803 657 862 inuocationeru
678 803 801 863 nominis
815 804 883 862 Ieen
906 804 1081 864 correctione
1096 803 1202 864 erroris
1217 807 1247 864 et
1263 805 1409 879 agnitione
1427 805 1492 864 fidei
1508 803 1587 863 neri·

446 904 518 963 tetis
544 908 575 963 et
599 903 714 964 abscisa
739 905 815 965 omni
841 905 906 964 lnbe
929 904 1103 980 praeteritae
1127 907 1353 966 conuersationis
1375 905 1512 981 mysterio
1534 905 1589 964 Dei

426 1006 526 1067 sciren
546 1005 686 1066 eiusmodi
707 1006 836 1068 homines
857 1007 914 1067 rite
938 1009 1132 1081 perpetrarem
1153 1008 1247 1069 iocum
1269 1025 1353 1083 quem
1372 1007 1509 1066 habiture
1531 1024 1589 1068 non

447 1109 510 1166 eret
525 1107 654 1168 obtinere
669 1110 700 1168 et
714 1109 857 1182 postremo
872 1108 903 1169 in
918 1109 975 1168 fide
996 1110 1077 1169 recte
1092 1112 1123 1170 et
1136 1111 1174 1168 ed
1197 1109 1394 1184 integritatem
1410 1108 1487 1182 signi
1502 1125 1588 1182 pree-

446 1210 580 1270 etendsm
605 1226 664 1270 non
688 1211 789 1271 obesse
817 1211 1017 1285 supplemento
1044 1211 1106 1272 eins
1131 1213 1209 1285 quod
1229 1211 1328 1271 decret
1348 1211 1502 1270 accedente
1522 1226 1591 1286 per·

447 1329 533 1386 quem
559 1309 632 1370 utile
653 1313 697 1371 est
717 1311 842 1383 eredere,
870 1314 900 1371 et
919 1313 964 1372 tot
985 1329 1124 1373 nnnornm
1145 1315 1246 1386 totque
1263 1312 1447 1372 ecclceiernm
1462 1311 1591 1385 itemque

448 1412 642 1487 apostolorum
658 1413 687 1472 et
701 1412 898 1487 episcoporum
913 1413 1084 1473 erectoriteti
1099 1431 1164 1474 cum
1179 1415 1254 1474 bone
1269 1413 1382 1473 ratione
1394 1412 1591 1486 acquescens,

413 1531 513 1574 recum
538 1513 580 1574 sit
604 1514 757 1574 maximum
778 1513 989 1576 incommodum
1010 1531 1045 1574 ec
1065 1515 1247 1589 dispendium
1269 1513 1466 1574 senctiseirnee
1481 1513 1590 1573 metris
1666 1591 1671 1602 Ι

449 1615 586 1676 ecclesiae
601 1615 739 1675 meremus
758 1616 855 1688 priene
875 1617 1009 1676 consulte
1023 1619 1089 1690 poet
1104 1619 1148 1677 tot
1163 1616 1342 1676 soeculorum
1359 1617 1470 1674 tentum
1486 1614 1589 1674 seriem

447 1733 524 1776 nunc
550 1717 673 1792 primum
698 1721 815 1792 repente
835 1735 870 1778 ec
891 1717 954 1778 sine
974 1718 1086 1778 retioue
1106 1718 1266 1793 insurgere.
1290 1735 1343 1777 use
1369 1717 1445 1776 enim
1472 1719 1590 1792 propter

448 1819 529 1879 eliud
552 1819 666 1892 Petrus,
691 1820 741 1893 qui
760 1820 817 1880 iem
838 1820 934 1880 fueret
955 1820 1120 1896 baptizatus
1140 1823 1170 1881 et
1185 1819 1256 1896 quid
1281 1820 1402 1880 sentiret
1416 1820 1452 1878 de
1467 1817 1590 1880 Domirm

449 1921 487 1980 sb
502 1919 567 1995 ipen
582 1920 702 1981 Domino
717 1923 781 1981 eret
794 1921 1001 1996 interrogatus,
1024 1925 1054 1981 et
1068 1921 1191 1982 uerimte
1213 1920 1400 1981 reueletionie
1415 1919 1507 1994 petris
1522 1935 1589 1980 cee-

415 2021 534 2086 1eleetis
558 2023 590 2081 in
615 2039 679 2082 enm
704 2023 854 2096 collocuta,
880 2025 955 2098 quod
976 2023 1117 2084 Dominus
1136 2025 1234 2083 noster
1259 2039 1315 2082 non
1338 2023 1431 2082 solum
1447 2021 1589 2092 Christus,

450 2141 550 2184 uerum
568 2123 656 2184 etiem
670 2123 747 2184 tilius
762 2123 816 2184 Dei
831 2125 893 2184 uiui
908 2129 985 2186 esset
999 2125 1157 2198 consessus,
1173 2125 1352 2199 postmodum
1369 2123 1460 2183 eidem
1476 2121 1592 2182 Christo

451 2227 631 2300 prsedicnnti
645 2229 680 2286 de
695 2214 757 2287 sus'
772 2228 903 2301 passione
925 2227 1091 2302 roimgetus
1115 2244 1177 2288 esse
1194 2231 1370 2287 monstratus
1385 2229 1440 2297 eet,
1457 2227 1487 2284 et
1501 2242 1590 2300 prop-

451 2331 531 2388 terea
558 2330 675 2388 eeteuee
702 2329 760 2389 dici
782 2332 915 2390 ostensus
936 2332 991 2400 ost,
1017 2329 1074 2388 nisi
1099 2329 1168 2402 quis
1192 2328 1322 2388 futurum
1348 2330 1411 2389 eret
1425 2330 1459 2388 ut
1474 2327 1592 2401 quidum

450 2429 569 2490 temetsi
592 2429 739 2490 eumentes
758 2429 789 2489 iu
810 2432 955 2490 sententis
979 2431 1097 2506 proprie
1120 2433 1150 2490 et
1173 2429 1368 2490 claudicantes
1389 2428 1546 2504 aliquando
1561 2427 1592 2487 in

416 2549 443 2590 ro
452 2529 507 2590 tide
522 2533 610 2605 etque
623 2531 762 2606 doctrine,
778 2548 843 2591 curn
857 2531 888 2591 in
903 2533 1018 2592 nemine
1030 2532 1098 2592 Iesu
1113 2532 1338 2606 baptizarentur,
1353 2535 1451 2592 omen
1463 2533 1489 2591 si
1500 2531 1592 2590 iuter·

451 2631 531 2693 nsllo
556 2632 680 2706 quodem
704 2633 842 2706 temporie
869 2634 1045 2708 recorrigere
1070 2633 1101 2692 id
1128 2634 1302 2707 potuissent,
1327 2650 1383 2693 non
1407 2635 1594 2708 proptereee

452 2734 546 2794 seinte
561 2733 733 2808 exciderent,
758 2735 809 2794 sed
825 2735 995 2808 quandoque
1010 2735 1210 2809 resipuissent,
1236 2737 1378 2808 integrum
1393 2751 1472 2808 epcrn
1489 2733 1595 2793 uelutis

451 2816 624 2912 paenitendo
647 2835 818 2909 obtinerent,
841 2836 1012 2910 praesertim
1028 2854 1093 2896 cnm
1109 2835 1242 2909 spiritum
1259 2839 1400 2906 mentum,
1426 2851 1481 2909 qno
1496 2833 1593 2908 bspti-
1653 2877 1656 2882 .

451 2937 713 3013 neriunusquisque
724 2938 869 2999 hominum
877 2938 973 3004 debet.
986 2937 1302 3012 nccipemnt,†nliqnid
1311 2937 1370 2997 tulo
1380 2937 1592 3011 designassent,

416 3057 443 3099 ns
452 3039 540 3100 sicuti
563 3057 620 3100 non
644 3039 737 3101 solnm
751 3039 870 3101 Petrum
893 3041 947 3102 hoc
969 3057 1086 3114 pessum
1107 3056 1170 3100 esee
1192 3039 1221 3099 in
1238 3040 1388 3112 euangelio
1403 3037 1593 3112 deprehendi·

435 3175 437 3181 ι
452 3157 527 3214 mus,
542 3157 643 3202 uerum
658 3142 809 3202 uniuersos
823 3157 935 3217 quoque
950 3141 1118 3216 discipulos,
1134 3140 1239 3215 quibus
1253 3141 1309 3201 ium
1324 3139 1479 3215 baptizetis
1493 3141 1595 3212 poetes

451 3242 592 3303 Dominus
621 3243 664 3302 nit
696 3242 782 3317 quin
813 3259 877 3304 noe
909 3259 1031 3304 omnes
1068 3241 1424 3303 scandelinebimini
1457 3241 1493 3300 in
1526 3256 1593 3300 me:

454 3345 505 3420 qui
525 3361 624 3407 omnes
644 3347 678 3405 ut
699 3345 955 3406 nuimeduertimue
976 3347 1103 3406 correcte
1124 3343 1181 3405 tide
1204 3361 1256 3406 ene
1275 3348 1343 3418 poet
1356 3341 1596 3404 resurrectionem

452 3447 569 3508 Domini
591 3445 622 3506 in
644 3447 749 3522 spiritu
770 3450 869 3507 sencio
892 3449 961 3507 eunt
974 3447 1125 3520 beptiusti,
1141 3450 1175 3505 nt
1190 3463 1247 3506 non
1261 3445 1406 3505 immerito
1421 3445 1506 3505 hodie
1522 3461 1595 3519 quo·

418 3563 510 3623 eoque
532 3550 682 3609 erednmne
702 3546 831 3609 homines
852 3551 995 3608 correctos
1016 3567 1034 3608 s
1054 3547 1176 3622 pristino
1199 3563 1295 3608 errore
1318 3546 1347 3605 in
1369 3547 1475 3620 spiritu
1496 3548 1596 3606 sancto

454 3667 539 3726 poseo
567 3651 718 3726 beptiueri.
756 3650 806 3725 qui
836 3667 899 3711 cnm
930 3667 1006 3725 eque
1034 3650 1252 3724 superarentur
1281 3649 1311 3708 in
1337 3649 1452 3710 nomine
1481 3647 1596 3708 Domini

454 3752 610 3827 aliquando
631 3753 761 3814 ecubrem
775 3753 947 3815 hebuiment
961 3753 1056 3826 tidem,
1073 3753 1206 3827 quonium
1222 3751 1345 3812 multum
1361 3752 1484 3812 interest
1497 3753 1596 3810 utrum

456 3855 487 3916 in
502 3859 595 3918 totum
610 3857 677 3932 qrrie
690 3874 748 3918 non
763 3855 803 3917 sit
816 3855 983 3930 bsptiustus
997 3857 1028 3916 in
1040 3855 1153 3917 nomine
1164 3854 1280 3915 Domini
1295 3854 1386 3915 nostri
1397 3855 1463 3914 lesu
1477 3851 1595 3925 Christi,

526 4056 560 4112 15
577 4055 612 4111 oi.
629 4055 731 4112 Detth.
752 4055 794 4120 16,
813 4055 853 4111 16.
960 4055 993 4110 nt
1012 4054 1094 4110 idere
1115 4055 1156 4119 14,
1173 4054 1217 4109 nt.

472 4329 492 4384 Γ
524 4243 729 4385 δοῖᾱὲιέιιῗιιᾱο
756 4243 909 4309 Betucius,
936 4243 1028 4313 ulique
1055 4245 1084 4311 μ’.
1104 4259 1126 4299 e.
1145 4243 1328 4310 aliquetenus)
1352 4241 1422 4296 cerei.
1450 4239 1598 4310 Ripcttius,

455 4345 531 4398 siqu
635 4329 661 4385 .'
