4012 5066
415 407 476 474 144
887 409 1070 478 Appendix.

409 564 626 640 praecipiebant
652 567 683 624 et
708 565 890 640 intinguntur
909 568 959 642 qui
985 567 1172 642 teptimbeut
1190 569 1221 627 et
1237 565 1481 628 circumciduntur
1497 569 1544 642 qui

409 667 670 728 circumcidebant:
693 667 736 728 sic
760 668 899 728 Dominus
925 669 1025 730 llorere
1046 669 1140 730 uoluit
1154 673 1264 743 gentes.
1287 669 1394 729 uidetis
1409 669 1549 744 quomed-

408 770 523 829 modum
539 786 591 828 uos
607 769 741 829 christus
755 769 865 829 dilexit

762 1537 814 1632 ll.
859 1535 1116 1633 ORATIO
1157 1536 1188 1630 l.

901 1763 1059 1774 .-——-——

312 2053 315 2060 ,
387 1977 402 2030 1
455 1953 581 2048 Hagios,
608 1975 720 2046 hagios,
746 1973 857 2047 hagios,
883 1977 983 2033 eeucte
1005 1977 1177 2047 sauctorum,
1199 1976 1285 2047 peter
1303 1978 1418 2048 petrum
1432 1978 1572 2036 nostro-5

413 2093 486 2148 mum,
511 2077 590 2136 Deus
611 2077 767 2148 Abraham,
794 2075 872 2134 Deus
890 2076 982 2147 Iseec,
1009 2075 1085 2136 Deus
1106 2077 1201 2146 iacob,
1228 2077 1306 2136 Deus
1333 2077 1546 2150 prophetarum,

413 2178 491 2238 Deus
512 2177 715 2250 apostulorum,
742 2176 820 2235 Deus
844 2177 998 2250 uirginum,
1025 2178 1103 2237 Deus
1118 2177 1190 2236 beno
1206 2179 1375 2250 uiuentium,
1391 2177 1469 2238 Deus
1485 2195 1547 2238 cre·

413 2281 551 2351 dentium,
577 2279 655 2337 Deus
678 2281 708 2338 et
730 2281 812 2352 peter
827 2278 942 2338 Domini
957 2278 1048 2338 nostri
1063 2279 1128 2338 lesu
1145 2278 1254 2338 Christi
1270 2279 1323 2338 lilii
1337 2281 1396 2338 tui:
1419 2283 1449 2338 to
1464 2280 1547 2340 inno·

409 2398 507 2442 murus
534 2379 678 2452 supplices
703 2379 811 2452 peritur
832 2381 861 2439 et
888 2379 1072 2452 deprecemur
1098 2379 1149 2456 [lili
1170 2381 1337 2456 unigenitel
1365 2382 1415 2456 qui
1435 2400 1469 2441 ex
1497 2400 1545 2442 ure

408 2481 544 2542 altissimi
560 2481 726 2555 procreatus
740 2496 771 2540 ee
786 2482 853 2540 ente
868 2481 965 2540 muudi
980 2480 1196 2555 dispositionum
1211 2483 1240 2540 et
1253 2498 1288 2541 ex
1303 2483 1411 2540 Murice
1426 2485 1542 2542 senctec
1554 2504 1577 2542 u

408 2583 532 2656 uirginis
547 2585 628 2642 utero
643 2599 694 2656 per
708 2581 877 2656 mysterium
891 2582 1001 2642 editus:
1029 2582 1179 2642 urentibus
1193 2583 1277 2666 notis
1292 2582 1464 2642 desiderium
1479 2584 1542 2642 eni·

407 2701 480 2754 mee,
503 2683 590 2742 etiem
605 2683 803 2754 iutegritetom
818 2682 913 2741 cordis
932 2683 1080 2755 praestare
1095 2682 1225 2755 dignere,
1247 2687 1280 2743 ut
1294 2683 1409 2742 leuecro
1423 2683 1544 2743 seluteri

408 2785 554 2858 expletum
576 2785 678 2856 pectus
700 2782 813 2842 delictis
835 2783 998 2842 ceruelibue
1013 2783 1154 2843 incolume
1168 2785 1316 2858 persistet.
1346 2785 1470 2857 petimus
1486 2785 1541 2843 ilde

408 2887 541 2960 inlibate,
569 2889 665 2946 mente
691 2887 865 2959 incorrupte,
891 2885 1043 2946 deuotione
1058 2887 1186 2958 robuste,
1208 2887 1371 2961 operatione
1386 2904 1437 2946 sou
1452 2887 1541 2946 dilec-

407 2989 485 3049 tione
501 2989 646 3060 continue,
672 2987 703 3047 in
717 2991 768 3046 tue
795 2987 916 3048 ecclesie
940 2989 1041 3048 eeucte
1066 3004 1179 3062 semper
1192 3007 1245 3050 uos
1259 2990 1359 3049 florere
1374 2989 1540 3063 permittes:
1555 3015 1583 3052 n·

477 3269 684 3339 lpreeciebent
703 3270 730 3325 T
841 3267 1152 3340 tcircumoodebentQ
1267 3268 1369 3324 uidetis
1386 3283 1438 3323 oon
1456 3268 1491 3322 B.
1512 3297 1542 3308 -

405 3357 508 3412 Caecili
535 3355 664 3424 Cyprieui
690 3355 817 3408 edum
843 3354 939 3409 Iudoos
963 3355 1010 3423 qui
1033 3355 1149 3408 insecuti
1173 3356 1237 3407 sunt
1260 3352 1398 3408 dominnm
1422 3354 1545 3406 nostrum

406 3441 497 3495 Iesum
515 3440 656 3495 Christum
673 3439 784 3507 explicit
803 3439 861 3508 01⁸,
878 3438 1014 3492 nouenos
1032 3438 1128 3493 ludeos
1146 3437 1257 3508 explicit
1274 3437 1309 3490 B.
1329 3467 1363 3479 --

474 3524 571 3579 Orefio
593 3522 615 3578 1.
645 3552 677 3564 —
704 3522 807 3592 Incipit
828 3523 916 3577 cretio
940 3521 1068 3592 Opprieui
1094 3524 1129 3586 Τ,
1157 3521 1251 3577 Oretio
1275 3521 1402 3592 Cypriani
1425 3521 1477 3576 EI.
1509 3549 1545 3561 -

405 3611 424 3665 5
440 3609 519 3679 egion
537 3609 600 3674 ET,
617 3609 723 3678 heppos
741 3610 762 3664 1
909 3612 986 3678 peter
1003 3625 1054 3663 one
1075 3609 1101 3662 T
1254 3611 1272 3663 6
1290 3609 1419 3662 ebreleem
1436 3613 1464 3662 et
1485 3611 1511 3664 T

407 3696 422 3749 'l
441 3695 622 3765 apostolorum
640 3694 706 3749 dens
723 3695 914 3764 prophetorum
932 3694 997 3749 Ele
1095 3693 1159 3748 deus
1177 3693 1375 3749 metuentium
1393 3708 1443 3746 cern
1462 3693 1512 3748 EI

406 3781 424 3834 9
440 3780 482 3836 fili
500 3779 640 3849 unigenite
657 3795 708 3834 om.
728 3779 801 3834 EIT
947 3779 982 3834 10
998 3795 1029 3834 ex
1045 3795 1096 3834 orne
1117 3780 1144 3835 Τ
1280 3780 1312 3833 11
1330 3779 1435 3833 uterum
1454 3778 1511 3833 Er

405 3865 567 3920 desiderium
594 3865 702 3919 enimse
730 3865 813 3927 EIT,
841 3864 927 3918 suncti
961 3863 1086 3919 desiderii
1120 3863 1245 3933 spiritale
1271 3863 1464 3918 incrementum
1491 3879 1509 3917 c

407 3951 441 4005 12
458 3951 541 4004 etiem
560 3949 592 4014 T,
610 3951 639 4002 et
656 3949 719 4004 Ele
821 3952 958 4017 preeetsre
975 3948 1196 4017 dignement?
1299 3947 1331 4001 13
1347 3946 1484 4016 mpetum
1505 3946 1532 4000 T

404 4037 554 4090 recreatum
573 4033 638 4089 Ele
749 4033 925 4088 edelictisc
1036 4033 1187 4089 incolumen
1209 4035 1235 4088 Τ
1334 4032 1461 4102 persistet
1478 4031 1509 4086 E

408 4121 442 4176 14
460 4120 616 4191 operatione
634 4135 662 4174 se
679 4119 841 4174 udileetioue
864 4122 889 4173 T
902 4119 945 4188 (in
961 4121 1099 4191 murpinc:
1117 4119 1163 4174 uel
1180 4118 1298 4187 eesidne)
1402 4117 1436 4172 15
1453 4117 1491 4186 in]
1509 4119 1542 4171 ut

405 4209 434 4262 iu
452 4206 530 4262 E'Ie
645 4209 696 4259 tue
712 4207 806 4260 munte
824 4205 935 4259 ecclesie
953 4205 977 4268 1,
997 4205 1108 4260 ecclesie
1126 4207 1220 4260 ennete
1237 4207 1287 4258 tue
1303 4220 1320 4258 o
1441 4217 1541 4272 semper

406 4308 493 4347 omo
596 4306 646 4345 nos
663 4291 760 4346 cnei·
