4016 5054
438 455 499 521 166
907 447 1092 520 Appendir.

434 610 569 685 peribus,
590 611 624 670 ut
643 611 735 670 semet
756 609 834 685 ipsos
849 609 951 684 quoles
973 607 1034 668 sint
1053 606 1225 681 intellegent
1247 609 1277 667 et
1296 607 1373 682 quod
1392 608 1478 668 rebus
1498 623 1568 668 con-

436 709 518 787 sequi
531 727 590 774 non
603 711 703 774 nuent
716 711 824 772 mentis
836 713 948 772 tumore
962 709 1110 785 superbire
1125 709 1277 770 desistent.

868 896 946 956 REX
967 894 1135 966 moves,

406 1032 426 1090 9
480 1033 581 1095 Nonus
595 1036 743 1096 abusionis
757 1035 863 1110 medus
879 1037 924 1095 est
938 1052 989 1096 rer
1003 1033 1128 1107 iniquus.
1140 1033 1246 1092 etenim
1257 1049 1356 1106 rogem
1370 1049 1427 1092 non
1438 1031 1566 1107 iniquum

437 1137 488 1196 sed
503 1139 691 1198 correctorem
705 1137 866 1212 iniquorum
880 1151 943 1196 esse
958 1136 1081 1210 oportet.
1102 1134 1177 1194 unde
1202 1133 1234 1193 iu
1254 1133 1423 1210 semetipso
1443 1135 1590 1196 nominiee

438 1237 484 1298 sui
498 1237 669 1312 dignitatem
685 1239 827 1300 custodire
842 1239 944 1298 debet:
966 1253 1070 1297 nomon
1084 1237 1160 1297 enim
1174 1236 1252 1310 regis
1267 1235 1503 1296 intellectualiter
1514 1238 1568 1297 hoc

438 1338 560 1410 retinet,
583 1341 616 1399 ut
629 1339 767 1401 subiectis
782 1339 913 1400 omnibus
927 1338 1048 1400 rectoris
1062 1337 1188 1398 officium
1203 1340 1344 1412 procuret.
1368 1338 1420 1398 sco
1442 1336 1568 1411 queliter

438 1439 512 1501 slioe
537 1441 680 1515 corrigere
705 1442 812 1517 poterit
833 1441 883 1515 qui
908 1439 1039 1515 proprios
1064 1455 1158 1500 moros
1179 1457 1215 1499 ne
1236 1439 1329 1513 iniqui
1350 1439 1410 1498 sint
1431 1456 1488 1500 non
1503 1455 1566 1498 cor·

436 1541 528 1615 rigit?
551 1542 683 1616 quonism
698 1543 813 1602 iustitie
826 1543 903 1616 regis
928 1541 1073 1602 exaltetur
1098 1539 1201 1601 solium
1222 1541 1253 1600 et
1267 1541 1391 1600 ueritate
1406 1539 1568 1600 solidentur

435 1643 630 1715 gubernacula
643 1643 820 1718 populorum.
843 1643 957 1703 iustitie
976 1659 1044 1702 uero
1064 1642 1143 1717 regis
1164 1643 1210 1701 set
1229 1643 1373 1702 neminem
1392 1641 1500 1701 iniuste
1514 1656 1565 1715 per
1575 1659 1603 1699 ro

434 1745 593 1817 potentium
604 1745 772 1820 opprimere,
788 1745 850 1805 sine
860 1745 1023 1820 acceptione
1033 1761 1220 1819 personarum
1231 1745 1308 1803 inter
1323 1741 1417 1802 nirunr
1431 1743 1566 1818 etprori·

435 1861 512 1903 mum
528 1862 612 1904 suum
627 1846 771 1918 indicere,
797 1845 917 1904 sinonis
937 1849 969 1904 et
989 1845 1110 1919 pupillis
1130 1847 1160 1905 et
1181 1844 1279 1905 uiduis
1294 1843 1469 1904 defensorem
1492 1860 1566 1918 esse,

436 1945 517 2006 forte
531 1948 680 2020 cohibere,
705 1947 849 2008 eolulterie
862 1947 981 2022 punire,
1007 1947 1121 2022 iniquos
1135 1964 1193 2006 non
1208 1946 1351 2020 ornltsre,
1372 1945 1521 2021 inpudicos
1536 1948 1567 2006 et

436 2045 594 2107 histriones
616 2066 674 2108 non
687 2049 808 2121 nutrire,
830 2048 934 2123 impios
947 2049 983 2108 dc
998 2051 1076 2108 terrs
1090 2047 1220 2122 perdere,
1242 2047 1401 2121 perricidus
1422 2057 1453 2106 et
1466 2047 1564 2122 periu-

437 2151 537 2209 rantes
563 2149 659 2210 uiuere
674 2168 731 2211 non
746 2152 856 2224 sinere,
878 2151 1017 2212 ecclesius
1031 2149 1198 2222 defendere,
1222 2165 1363 2224 pauperes
1377 2149 1565 2226 eleemosynis
1575 2169 1600 2211 rs

436 2249 531 2324 alere,
553 2251 645 2312 iustos
662 2269 748 2326 snper
765 2251 849 2326 regni
872 2253 991 2327 negotiu
1010 2253 1201 2323 constituero,
1224 2267 1309 2310 senes
1324 2253 1354 2310 et
1374 2251 1518 2325 sepientes
1536 2255 1566 2312 et

439 2351 550 2413 sobrios
570 2352 747 2413 consiliarios
762 2354 884 2428 hebere,
906 2370 1055 2428 magorum
1069 2355 1099 2413 ot
1112 2352 1266 2414 ariolorum
1279 2352 1567 2427 pythonissarumque

437 2453 692 2528 superstitionibus
706 2472 763 2514 non
777 2454 943 2526 intendere,
959 2453 1134 2514 iracundiam
1149 2452 1293 2526 differre,¹
1311 2453 1433 2526 petrium
1454 2453 1569 2512 fortiter

437 2557 468 2616 et
482 2556 558 2616 iuste
573 2558 673 2616 contre
691 2555 869 2616 aduersarios
884 2554 1050 2627 detondere,
1073 2571 1124 2629 per
1148 2554 1243 2615 omnis
1257 2553 1288 2612 in
1302 2553 1362 2614 Deo
1378 2553 1483 2627 uiuere,
1498 2571 1565 2628 pro·

436 2655 623 2732 speritetibus
642 2673 700 2716 non
725 2655 835 2716 eleuare
871 2657 1007 2728 animum,
1036 2658 1139 2717 cuncte
1167 2655 1288 2716 eduerss
1312 2655 1455 2730 patienter
1480 2656 1602 2731 fone.»

436 2758 522 2818 tidem
544 2757 714 2818 catholicum
731 2757 762 2816 in
776 2758 867 2818 ileum
881 2758 997 2829 hebere,
1012 2757 1088 2818 illios
1102 2773 1242 2817 euoenon
1256 2755 1349 2816 sinere
1365 2757 1450 2832 impie
1470 2773 1566 2832 egere,

436 2859 522 2920 certis
536 2858 615 2919 horis
630 2859 805 2919 cretionibus
820 2857 968 2931 insistere,
991 2861 1058 2918 ente
1084 2859 1170 2918 liores
1197 2875 1336 2932 congrues
1366 2876 1424 2919 non
1448 2861 1565 2933 gustare

433 2962 538 3021 cibum.
567 2978 637 3021 uee
662 2961 757 3022 enim
789 2965 925 3035 terrae,
962 2961 1069 3022 cuius
1098 2978 1162 3020 rex
1197 2965 1254 3021 est
1280 2977 1368 3034 puer
1400 2963 1436 3021 et
1463 2963 1566 3022 cuiue

501 3140 538 3196 23
553 3140 626 3195 Eccl.
644 3141 686 3206 10,
705 3141 748 3195 16.

507 3309 574 3363 lut
590 3321 663 3362 corr.
680 3307 714 3362 tn
730 3309 759 3360 et
780 3305 814 3372 G,
832 3310 864 3360 ut
880 3309 909 3362 et
929 3307 956 3362 V
1068 3311 1101 3362 ut
1118 3307 1190 3377 quod
1211 3308 1243 3373 V,
1262 3309 1361 3376 quiec
1475 3325 1565 3365 conse·

433 3394 490 3464 qui]
509 3392 581 3462 quod
598 3393 714 3463 cupiunt
728 3391 829 3446 admo
896 3392 1058 3448 tdeeiusnt
1074 3393 1121 3449 Xe
1189 3393 1468 3464 esuum...nnuc]
1485 3409 1564 3463 quem

432 3493 493 3534 cum
511 3477 667 3546 iniquorum
684 3476 869 3531 correctiorem
887 3493 943 3532 esse
961 3479 1110 3547 oportuerit
1127 3477 1211 3532 etism
1229 3477 1261 3532 X
1425 3479 1565 3534 tuemini

436 3563 507 3621 (ΡΧ
637 3562 654 3616 6
672 3560 753 3618 debet
769 3561 902 3618 ouetoffire
924 3563 1026 3628 V,non
1044 3563 1164 3619 custodit
1180 3563 1213 3618 X
1343 3563 1415 3618 enim
1432 3579 1483 3619 om
1501 3566 1534 3620 X

432 3649 497 3704 ein
513 3647 657 3702 institieo
781 3647 912 3701 exaltetur
930 3647 960 3701 X
1087 3649 1127 3717 et]
1145 3650 1174 3702 et
1191 3649 1220 3702 iu
1242 3647 1328 3704 G'Xo
1450 3649 1566 3704 ueritate

431 3731 506 3801 regis
527 3729 569 3786 Vo
661 3731 695 3786 11
711 3746 883 3801 perconmnm
901 3731 1089 3802 suceptioneo
1173 3733 1204 3788 in
1221 3734 1311 3788 uirum
1334 3733 1361 3790 V
1443 3733 1477 3789 12
1494 3733 1566 3788 iuste

432 3815 586 3872 iudicereo
666 3816 921 3872 etniduisootl'
1010 3818 1333 3874 weudelmut
1423 3819 1565 3875 leotric-

431 3916 479 3956 nee
500 3900 533 3968 V,
550 3900 667 3955 etr-iones
689 3900 747 3956 GX
857 3901 1011 3970 xpoierruntos
1032 3901 1073 3958 Vo
1185 3903 1219 3958 16
1236 3904 1319 3959 siniro
1340 3903 1379 3960 θ’
1496 3920 1522 3974 p.
1540 3919 1564 3962 e.

433 3986 514 4056 clere]
532 3985 696 4056 pauperibus
713 3985 869 4042 elemosiuus
886 3986 951 4043 dure
967 3988 999 4042 X
1101 3989 1137 4044 16
1154 3991 1261 4060 cupiens
1272 3990 1314 4046 X'
1419 3991 1453 4045 1⁷
1470 4005 1507 4044 m.
1525 3991 1563 4060 et]

432 4087 574 4143 magorum
590 4089 609 4128 c
711 4073 739 4127 et
756 4071 967 4142 phitouieeerurn
983 4073 1021 4142 X,
1039 4073 1252 4145 phitoniseerum
1274 4075 1302 4132 V
1412 4075 1447 4132 19
1463 4075 1564 4148 uiuere]

433 4157 565 4213 confidere
581 4158 629 4215 Xe
741 4159 777 4214 20
793 4174 846 4213 non
863 4159 965 4215 eleueri
982 4160 1072 4217 enimo
1094 4161 1125 4228 V,
1143 4178 1167 4217 u
1187 4179 1214 4217 n.
1233 4163 1373 4219 eleuerec
1486 4161 1564 4232 ieme]

432 4241 550 4298 tolerare
565 4259 585 4299 o
721 4243 756 4298 21
774 4259 835 4298 suos
853 4259 904 4300 om.
923 4243 955 4299 X
1090 4245 1186 4316 impios
1204 4248 1235 4302 X
1371 4249 1407 4302 22
1423 4247 1478 4302 orie
1495 4246 1526 4302 X

433 4327 468 4383 23
485 4325 574 4384 cibum
593 4345 647 4384 non
664 4331 808 4400 gustares
910 4345 976 4400 puer
993 4333 1035 4386 est
1051 4331 1099 4386 Xo
