<?xml version="1.0" encoding="UTF-8"?>
<!DOCTYPE html PUBLIC "-//W3C//DTD XHTML 1.0 Transitional//EN"
    "http://www.w3.org/TR/xhtml1/DTD/xhtml1-transitional.dtd">
<html xmlns="http://www.w3.org/1999/xhtml" xml:lang="en" lang="en">
 <head>
  <title>
</title>
<meta http-equiv="Content-Type" content="text/html;charset=utf-8" />
  <meta name='ocr-system' content='tesseract 3.04.00' />
  <meta name='ocr-capabilities' content='ocr_page ocr_carea ocr_par ocr_line ocrx_word'/>
</head>
<body>
  <div class='ocr_page' id='page_1' title='image "./sthascicaecilic02cyprgoog_0012.png"; bbox 0 0 4014 5056; ppageno 0'>
   <div class='ocr_carea' id='block_1_1' title="bbox 769 1409 1228 1524">
    <p class='ocr_par' dir='ltr' id='par_1_1' title="bbox 769 1409 1228 1524">
     <span class='ocr_line' id='line_1_1' title="bbox 769 1409 1228 1524; baseline 0 -2"><span class='ocrx_word' id='word_1_1' title='bbox 769 1409 1228 1524; x_wconf 80' lang='lat' dir='ltr'><strong>PRAEFATIO.</strong></span> 
     </span>
    </p>
   </div>
   <div class='ocr_carea' id='block_1_2' title="bbox 423 1698 1566 4518">
    <p class='ocr_par' dir='ltr' id='par_1_2' title="bbox 423 1698 1566 4435">
     <span class='ocr_line' id='line_1_2' title="bbox 469 1698 1565 1787; baseline 0.005 -22"><span class='ocrx_word' id='word_1_2' title='bbox 469 1698 548 1765; x_wconf 81' lang='lat' dir='ltr'><strong>Oum</strong></span> <span class='ocrx_word' id='word_1_3' title='bbox 578 1699 738 1766; x_wconf 81' lang='lat' dir='ltr'><strong>suadenda</strong></span> <span class='ocrx_word' id='word_1_4' title='bbox 766 1698 947 1766; x_wconf 88' lang='lat' dir='ltr'><strong>litterarum</strong></span> <span class='ocrx_word' id='word_1_5' title='bbox 973 1718 1001 1765; x_wconf 88' lang='lat' dir='ltr'><strong>c.</strong></span> <span class='ocrx_word' id='word_1_6' title='bbox 1028 1699 1276 1767; x_wconf 78' lang='lat' dir='ltr'><strong>vindobonensis</strong></span> <span class='ocrx_word' id='word_1_7' title='bbox 1306 1717 1423 1767; x_wconf 89' lang='lat' dir='ltr'><strong>nouum</strong></span> <span class='ocrx_word' id='word_1_8' title='bbox 1453 1719 1565 1787; x_wconf 90' lang='lat' dir='ltr'><strong>eorpus</strong></span> 
     </span>
     <span class='ocr_line' id='line_1_3' title="bbox 425 1810 1566 1896; baseline 0.002 -20"><span class='ocrx_word' id='word_1_9' title='bbox 425 1810 612 1894; x_wconf 89' lang='lat' dir='ltr'><strong>scriptorum</strong></span> <span class='ocrx_word' id='word_1_10' title='bbox 647 1810 929 1878; x_wconf 85' lang='lat' dir='ltr'><strong>ecclesiasticomm</strong></span> <span class='ocrx_word' id='word_1_11' title='bbox 958 1811 1130 1878; x_wconf 83' lang='lat' dir='ltr'><strong>lutinomm</strong></span> <span class='ocrx_word' id='word_1_12' title='bbox 1159 1811 1213 1895; x_wconf 87' lang='lat' dir='ltr'><strong>qui</strong></span> <span class='ocrx_word' id='word_1_13' title='bbox 1242 1811 1282 1878; x_wconf 81' lang='lat' dir='ltr'><strong>ad</strong></span> <span class='ocrx_word' id='word_1_14' title='bbox 1311 1814 1503 1896; x_wconf 88' lang='lat' dir='ltr'><strong>optimorum</strong></span> <span class='ocrx_word' id='word_1_15' title='bbox 1532 1812 1566 1878; x_wconf 92' lang='lat' dir='ltr'><strong>et</strong></span> 
     </span>
     <span class='ocr_line' id='line_1_4' title="bbox 425 1919 1566 2007; baseline 0.002 -21"><span class='ocrx_word' id='word_1_16' title='bbox 425 1921 712 1988; x_wconf 88' lang='lat' dir='ltr'><strong>uetustissimorum</strong></span> <span class='ocrx_word' id='word_1_17' title='bbox 733 1921 875 1988; x_wconf 86' lang='lat' dir='ltr'><strong>codicum</strong></span> <span class='ocrx_word' id='word_1_18' title='bbox 895 1919 990 1986; x_wconf 87' lang='lat' dir='ltr'><strong>fidem</strong></span> <span class='ocrx_word' id='word_1_19' title='bbox 1010 1921 1225 2007; x_wconf 75' lang='lat' dir='ltr'><strong>redigerentur</strong></span> <span class='ocrx_word' id='word_1_20' title='bbox 1239 1923 1311 1988; x_wconf 88' lang='lat' dir='ltr'><strong>ante</strong></span> <span class='ocrx_word' id='word_1_21' title='bbox 1325 1923 1382 1988; x_wconf 91' lang='lat' dir='ltr'><strong>hos</strong></span> <span class='ocrx_word' id='word_1_22' title='bbox 1398 1942 1453 1990; x_wconf 84' lang='lat' dir='ltr'><strong>sex</strong></span> <span class='ocrx_word' id='word_1_23' title='bbox 1467 1940 1566 1989; x_wconf 87' lang='lat' dir='ltr'><strong>annos</strong></span> 
     </span>
     <span class='ocr_line' id='line_1_5' title="bbox 426 2030 1565 2116; baseline 0.002 -18"><span class='ocrx_word' id='word_1_24' title='bbox 426 2030 515 2098; x_wconf 86' lang='lat' dir='ltr'><strong>odere</strong></span> <span class='ocrx_word' id='word_1_25' title='bbox 537 2031 762 2112; x_wconf 85' lang='lat' dir='ltr'><strong>constituisset,</strong></span> <span class='ocrx_word' id='word_1_26' title='bbox 786 2030 934 2116; x_wconf 70' lang='lat' dir='ltr'><strong>cyprium</strong></span> <span class='ocrx_word' id='word_1_27' title='bbox 955 2048 1049 2113; x_wconf 89' lang='lat' dir='ltr'><strong>opera</strong></span> <span class='ocrx_word' id='word_1_28' title='bbox 1071 2030 1249 2098; x_wconf 88' lang='lat' dir='ltr'><strong>recensendi</strong></span> <span class='ocrx_word' id='word_1_29' title='bbox 1270 2051 1387 2099; x_wconf 91' lang='lat' dir='ltr'><strong>munus</strong></span> <span class='ocrx_word' id='word_1_30' title='bbox 1406 2033 1487 2100; x_wconf 93' lang='lat' dir='ltr'><strong>mihi</strong></span> <span class='ocrx_word' id='word_1_31' title='bbox 1507 2033 1565 2100; x_wconf 92' lang='lat' dir='ltr'><strong>ob·</strong></span> 
     </span>
     <span class='ocr_line' id='line_1_6' title="bbox 424 2139 1565 2225; baseline 0.004 -19"><span class='ocrx_word' id='word_1_32' title='bbox 424 2141 520 2220; x_wconf 79' lang='lat' dir='ltr'><strong>tulit3</strong></span> <span class='ocrx_word' id='word_1_33' title='bbox 546 2159 608 2225; x_wconf 87' lang='lat' dir='ltr'><strong>qua</strong></span> <span class='ocrx_word' id='word_1_34' title='bbox 628 2141 663 2206; x_wconf 92' lang='lat' dir='ltr'><strong>in</strong></span> <span class='ocrx_word' id='word_1_35' title='bbox 685 2159 720 2207; x_wconf 87' lang='lat' dir='ltr'><strong>re</strong></span> <span class='ocrx_word' id='word_1_36' title='bbox 743 2139 859 2207; x_wconf 88' lang='lat' dir='ltr'><strong>eximia</strong></span> <span class='ocrx_word' id='word_1_37' title='bbox 883 2141 952 2207; x_wconf 90' lang='lat' dir='ltr'><strong>eius</strong></span> <span class='ocrx_word' id='word_1_38' title='bbox 977 2140 1170 2220; x_wconf 73' lang='lat' dir='ltr'><strong>liberalitate</strong></span> <span class='ocrx_word' id='word_1_39' title='bbox 1195 2142 1342 2209; x_wconf 90' lang='lat' dir='ltr'><strong>omnibus</strong></span> <span class='ocrx_word' id='word_1_40' title='bbox 1363 2143 1428 2210; x_wconf 85' lang='lat' dir='ltr'><strong>lere</strong></span> <span class='ocrx_word' id='word_1_41' title='bbox 1450 2160 1565 2210; x_wconf 89' lang='lat' dir='ltr'><strong>manu·</strong></span> 
     </span>
     <span class='ocr_line' id='line_1_7' title="bbox 426 2250 1566 2336; baseline 0.002 -18"><span class='ocrx_word' id='word_1_42' title='bbox 426 2252 552 2335; x_wconf 86' lang='lat' dir='ltr'><strong>scriptis</strong></span> <span class='ocrx_word' id='word_1_43' title='bbox 572 2250 663 2318; x_wconf 91' lang='lat' dir='ltr'><strong>libris</strong></span> <span class='ocrx_word' id='word_1_44' title='bbox 683 2269 816 2335; x_wconf 88' lang='lat' dir='ltr'><strong>quorum</strong></span> <span class='ocrx_word' id='word_1_45' title='bbox 831 2251 866 2316; x_wconf 93' lang='lat' dir='ltr'><strong>in</strong></span> <span class='ocrx_word' id='word_1_46' title='bbox 880 2251 1053 2317; x_wconf 84' lang='lat' dir='ltr'><strong>lectionum</strong></span> <span class='ocrx_word' id='word_1_47' title='bbox 1072 2252 1189 2319; x_wconf 90' lang='lat' dir='ltr'><strong>iudicio</strong></span> <span class='ocrx_word' id='word_1_48' title='bbox 1210 2254 1258 2318; x_wconf 89' lang='lat' dir='ltr'><strong>est</strong></span> <span class='ocrx_word' id='word_1_49' title='bbox 1271 2253 1378 2336; x_wconf 85' lang='lat' dir='ltr'><strong>aliqua</strong></span> <span class='ocrx_word' id='word_1_50' title='bbox 1392 2253 1566 2320; x_wconf 87' lang='lat' dir='ltr'><strong>auctoritas</strong></span> 
     </span>
     <span class='ocr_line' id='line_1_8' title="bbox 426 2360 1566 2447; baseline 0.003 -19"><span class='ocrx_word' id='word_1_51' title='bbox 426 2360 506 2428; x_wconf 89' lang='lat' dir='ltr'><strong>mihi</strong></span> <span class='ocrx_word' id='word_1_52' title='bbox 532 2362 581 2427; x_wconf 91' lang='lat' dir='ltr'><strong>uti</strong></span> <span class='ocrx_word' id='word_1_53' title='bbox 606 2361 708 2442; x_wconf 84' lang='lat' dir='ltr'><strong>licuit,</strong></span> <span class='ocrx_word' id='word_1_54' title='bbox 735 2363 773 2427; x_wconf 89' lang='lat' dir='ltr'><strong>ut</strong></span> <span class='ocrx_word' id='word_1_55' title='bbox 795 2361 824 2428; x_wconf 91' lang='lat' dir='ltr'><strong>si</strong></span> <span class='ocrx_word' id='word_1_56' title='bbox 845 2361 926 2428; x_wconf 88' lang='lat' dir='ltr'><strong>hane</strong></span> <span class='ocrx_word' id='word_1_57' title='bbox 950 2363 1119 2430; x_wconf 80' lang='lat' dir='ltr'><strong>editionem</strong></span> <span class='ocrx_word' id='word_1_58' title='bbox 1144 2381 1217 2430; x_wconf 90' lang='lat' dir='ltr'><strong>oum</strong></span> <span class='ocrx_word' id='word_1_59' title='bbox 1242 2363 1371 2447; x_wconf 87' lang='lat' dir='ltr'><strong>reliquis</strong></span> <span class='ocrx_word' id='word_1_60' title='bbox 1396 2363 1566 2430; x_wconf 80' lang='lat' dir='ltr'><strong>contuleris</strong></span> 
     </span>
     <span class='ocr_line' id='line_1_9' title="bbox 425 2470 1564 2558; baseline 0.004 -22"><span class='ocrx_word' id='word_1_61' title='bbox 425 2470 587 2554; x_wconf 86' lang='lat' dir='ltr'><strong>scriptoris</strong></span> <span class='ocrx_word' id='word_1_62' title='bbox 607 2471 705 2537; x_wconf 79' lang='lat' dir='ltr'><strong>umba</strong></span> <span class='ocrx_word' id='word_1_63' title='bbox 724 2471 898 2538; x_wconf 80' lang='lat' dir='ltr'><strong>innumeris</strong></span> <span class='ocrx_word' id='word_1_64' title='bbox 917 2471 995 2537; x_wconf 90' lang='lat' dir='ltr'><strong>locis</strong></span> <span class='ocrx_word' id='word_1_65' title='bbox 1015 2470 1180 2538; x_wconf 86' lang='lat' dir='ltr'><strong>emendata</strong></span> <span class='ocrx_word' id='word_1_66' title='bbox 1198 2473 1231 2538; x_wconf 89' lang='lat' dir='ltr'><strong>et</strong></span> <span class='ocrx_word' id='word_1_67' title='bbox 1250 2471 1291 2538; x_wconf 90' lang='lat' dir='ltr'><strong>ad</strong></span> <span class='ocrx_word' id='word_1_68' title='bbox 1307 2473 1478 2558; x_wconf 83' lang='lat' dir='ltr'><strong>genuinam</strong></span> <span class='ocrx_word' id='word_1_69' title='bbox 1498 2473 1564 2540; x_wconf 85' lang='lat' dir='ltr'><strong>lor·</strong></span> 
     </span>
     <span class='ocr_line' id='line_1_10' title="bbox 425 2579 1566 2648; baseline 0.004 -4"><span class='ocrx_word' id='word_1_70' title='bbox 425 2593 511 2645; x_wconf 89' lang='lat' dir='ltr'><strong>mam</strong></span> <span class='ocrx_word' id='word_1_71' title='bbox 540 2579 666 2646; x_wconf 87' lang='lat' dir='ltr'><strong>redacta</strong></span> <span class='ocrx_word' id='word_1_72' title='bbox 690 2580 843 2647; x_wconf 81' lang='lat' dir='ltr'><strong>inuenies.</strong></span> <span class='ocrx_word' id='word_1_73' title='bbox 874 2597 911 2646; x_wconf 85' lang='lat' dir='ltr'><strong>ex</strong></span> <span class='ocrx_word' id='word_1_74' title='bbox 936 2580 1197 2647; x_wconf 76' lang='lat' dir='ltr'><strong>bibliothecarum</strong></span> <span class='ocrx_word' id='word_1_75' title='bbox 1223 2599 1298 2646; x_wconf 89' lang='lat' dir='ltr'><strong>uero</strong></span> <span class='ocrx_word' id='word_1_76' title='bbox 1322 2582 1448 2648; x_wconf 74' lang='lat' dir='ltr'><strong>somniis</strong></span> <span class='ocrx_word' id='word_1_77' title='bbox 1473 2583 1566 2648; x_wconf 89' lang='lat' dir='ltr'><strong>tanta</strong></span> 
     </span>
     <span class='ocr_line' id='line_1_11' title="bbox 423 2688 1565 2775; baseline 0.004 -21"><span class='ocrx_word' id='word_1_78' title='bbox 423 2689 577 2756; x_wconf 90' lang='lat' dir='ltr'><strong>librorum</strong></span> <span class='ocrx_word' id='word_1_79' title='bbox 601 2688 774 2755; x_wconf 91' lang='lat' dir='ltr'><strong>multitudo</strong></span> <span class='ocrx_word' id='word_1_80' title='bbox 796 2705 930 2773; x_wconf 88' lang='lat' dir='ltr'><strong>quorum</strong></span> <span class='ocrx_word' id='word_1_81' title='bbox 952 2705 1015 2770; x_wconf 84' lang='lat' dir='ltr'><strong>non</strong></span> <span class='ocrx_word' id='word_1_82' title='bbox 1038 2690 1181 2775; x_wconf 80' lang='lat' dir='ltr'><strong>exiguam</strong></span> <span class='ocrx_word' id='word_1_83' title='bbox 1206 2693 1329 2774; x_wconf 84' lang='lat' dir='ltr'><strong>partem</strong></span> <span class='ocrx_word' id='word_1_84' title='bbox 1348 2710 1440 2759; x_wconf 92' lang='lat' dir='ltr'><strong>nemo</strong></span> <span class='ocrx_word' id='word_1_85' title='bbox 1461 2691 1565 2758; x_wconf 91' lang='lat' dir='ltr'><strong>adhuc</strong></span> 
     </span>
     <span class='ocr_line' id='line_1_12' title="bbox 424 2798 1563 2885; baseline 0.004 -22"><span class='ocrx_word' id='word_1_86' title='bbox 424 2799 598 2881; x_wconf 77' lang='lat' dir='ltr'><strong>mspcxuat</strong></span> <span class='ocrx_word' id='word_1_87' title='bbox 617 2799 742 2882; x_wconf 89' lang='lat' dir='ltr'><strong>praesto</strong></span> <span class='ocrx_word' id='word_1_88' title='bbox 763 2799 837 2878; x_wconf 84' lang='lat' dir='ltr'><strong>fuit,</strong></span> <span class='ocrx_word' id='word_1_89' title='bbox 859 2801 898 2864; x_wconf 92' lang='lat' dir='ltr'><strong>ut</strong></span> <span class='ocrx_word' id='word_1_90' title='bbox 918 2798 1128 2865; x_wconf 89' lang='lat' dir='ltr'><strong>subsidiomm</strong></span> <span class='ocrx_word' id='word_1_91' title='bbox 1151 2800 1240 2882; x_wconf 88' lang='lat' dir='ltr'><strong>copia</strong></span> <span class='ocrx_word' id='word_1_92' title='bbox 1258 2819 1357 2885; x_wconf 88' lang='lat' dir='ltr'><strong>paene</strong></span> <span class='ocrx_word' id='word_1_93' title='bbox 1377 2801 1563 2868; x_wconf 87' lang='lat' dir='ltr'><strong>laborarem.</strong></span> 
     </span>
     <span class='ocr_line' id='line_1_13' title="bbox 423 2907 1565 2999; baseline 0.004 -26"><span class='ocrx_word' id='word_1_94' title='bbox 423 2925 498 2974; x_wconf 85' lang='lat' dir='ltr'><strong>nam</strong></span> <span class='ocrx_word' id='word_1_95' title='bbox 523 2923 585 2974; x_wconf 93' lang='lat' dir='ltr'><strong>non</strong></span> <span class='ocrx_word' id='word_1_96' title='bbox 606 2925 644 2973; x_wconf 86' lang='lat' dir='ltr'><strong>ea</strong></span> <span class='ocrx_word' id='word_1_97' title='bbox 665 2910 715 2974; x_wconf 86' lang='lat' dir='ltr'><strong>est</strong></span> <span class='ocrx_word' id='word_1_98' title='bbox 738 2907 852 2999; x_wconf 87' lang='lat' dir='ltr'><strong>horum</strong></span> <span class='ocrx_word' id='word_1_99' title='bbox 877 2925 1005 2992; x_wconf 89' lang='lat' dir='ltr'><strong>operum</strong></span> <span class='ocrx_word' id='word_1_100' title='bbox 1031 2907 1181 2994; x_wconf 84' lang='lat' dir='ltr'><strong>condicio,</strong></span> <span class='ocrx_word' id='word_1_101' title='bbox 1206 2909 1240 2975; x_wconf 92' lang='lat' dir='ltr'><strong>id</strong></span> <span class='ocrx_word' id='word_1_102' title='bbox 1263 2910 1345 2994; x_wconf 89' lang='lat' dir='ltr'><strong>quod</strong></span> <span class='ocrx_word' id='word_1_103' title='bbox 1367 2911 1403 2975; x_wconf 92' lang='lat' dir='ltr'><strong>in</strong></span> <span class='ocrx_word' id='word_1_104' title='bbox 1423 2909 1565 2994; x_wconf 82' lang='lat' dir='ltr'><strong>profanis</strong></span> 
     </span>
     <span class='ocr_line' id='line_1_14' title="bbox 426 3016 1565 3101; baseline 0.004 -18"><span class='ocrx_word' id='word_1_105' title='bbox 426 3016 628 3101; x_wconf 83' lang='lat' dir='ltr'><strong>scriptoribus</strong></span> <span class='ocrx_word' id='word_1_106' title='bbox 642 3034 704 3084; x_wconf 94' lang='lat' dir='ltr'><strong>non</strong></span> <span class='ocrx_word' id='word_1_107' title='bbox 718 3017 765 3084; x_wconf 90' lang='lat' dir='ltr'><strong>ita</strong></span> <span class='ocrx_word' id='word_1_108' title='bbox 779 3036 848 3085; x_wconf 89' lang='lat' dir='ltr'><strong>raro</strong></span> <span class='ocrx_word' id='word_1_109' title='bbox 862 3017 1008 3099; x_wconf 75' lang='lat' dir='ltr'><strong>occurrit,</strong></span> <span class='ocrx_word' id='word_1_110' title='bbox 1022 3021 1061 3085; x_wconf 90' lang='lat' dir='ltr'><strong>ut</strong></span> <span class='ocrx_word' id='word_1_111' title='bbox 1075 3036 1182 3086; x_wconf 91' lang='lat' dir='ltr'><strong>omnes</strong></span> <span class='ocrx_word' id='word_1_112' title='bbox 1196 3019 1316 3086; x_wconf 91' lang='lat' dir='ltr'><strong>codices</strong></span> <span class='ocrx_word' id='word_1_113' title='bbox 1330 3039 1367 3087; x_wconf 87' lang='lat' dir='ltr'><strong>ex</strong></span> <span class='ocrx_word' id='word_1_114' title='bbox 1382 3037 1443 3087; x_wconf 89' lang='lat' dir='ltr'><strong>uno</strong></span> <span class='ocrx_word' id='word_1_115' title='bbox 1458 3019 1565 3089; x_wconf 86' lang='lat' dir='ltr'><strong>codice</strong></span> 
     </span>
     <span class='ocr_line' id='line_1_15' title="bbox 425 3129 1565 3214; baseline 0 -16"><span class='ocrx_word' id='word_1_116' title='bbox 425 3130 591 3214; x_wconf 76' lang='lat' dir='ltr'><strong>archetypo</strong></span> <span class='ocrx_word' id='word_1_117' title='bbox 615 3129 703 3196; x_wconf 90' lang='lat' dir='ltr'><strong>ducti</strong></span> <span class='ocrx_word' id='word_1_118' title='bbox 725 3131 819 3196; x_wconf 90' lang='lat' dir='ltr'><strong>unius</strong></span> <span class='ocrx_word' id='word_1_119' title='bbox 842 3130 907 3196; x_wconf 89' lang='lat' dir='ltr'><strong>sint</strong></span> <span class='ocrx_word' id='word_1_120' title='bbox 928 3129 1037 3212; x_wconf 79' lang='lat' dir='ltr'><strong>stirpis</strong></span> <span class='ocrx_word' id='word_1_121' title='bbox 1062 3130 1096 3196; x_wconf 93' lang='lat' dir='ltr'><strong>in</strong></span> <span class='ocrx_word' id='word_1_122' title='bbox 1116 3148 1231 3213; x_wconf 87' lang='lat' dir='ltr'><strong>paucas</strong></span> <span class='ocrx_word' id='word_1_123' title='bbox 1252 3131 1403 3214; x_wconf 85' lang='lat' dir='ltr'><strong>quasdam</strong></span> <span class='ocrx_word' id='word_1_124' title='bbox 1425 3130 1565 3198; x_wconf 83' lang='lat' dir='ltr'><strong>familias</strong></span> 
     </span>
     <span class='ocr_line' id='line_1_16' title="bbox 425 3238 1565 3324; baseline 0.001 -17"><span class='ocrx_word' id='word_1_125' title='bbox 425 3239 561 3316; x_wconf 64' lang='lat' dir='ltr'><strong>diuisam</strong></span> <span class='ocrx_word' id='word_1_126' title='bbox 582 3255 643 3322; x_wconf 91' lang='lat' dir='ltr'><strong>quo</strong></span> <span class='ocrx_word' id='word_1_127' title='bbox 664 3239 749 3306; x_wconf 94' lang='lat' dir='ltr'><strong>enim</strong></span> <span class='ocrx_word' id='word_1_128' title='bbox 764 3239 960 3324; x_wconf 73' lang='lat' dir='ltr'><strong>frequentius</strong></span> <span class='ocrx_word' id='word_1_129' title='bbox 975 3243 1008 3307; x_wconf 90' lang='lat' dir='ltr'><strong>et</strong></span> <span class='ocrx_word' id='word_1_130' title='bbox 1022 3239 1247 3308; x_wconf 79' lang='lat' dir='ltr'><strong>lectitabantur</strong></span> <span class='ocrx_word' id='word_1_131' title='bbox 1261 3241 1294 3307; x_wconf 91' lang='lat' dir='ltr'><strong>et</strong></span> <span class='ocrx_word' id='word_1_132' title='bbox 1308 3238 1565 3308; x_wconf 87' lang='lat' dir='ltr'><strong>describebantur</strong></span> 
     </span>
     <span class='ocr_line' id='line_1_17' title="bbox 425 3351 1565 3438; baseline -0.001 -19"><span class='ocrx_word' id='word_1_133' title='bbox 425 3351 571 3438; x_wconf 76' lang='lat' dir='ltr'><strong>Cypriani</strong></span> <span class='ocrx_word' id='word_1_134' title='bbox 595 3352 723 3436; x_wconf 80' lang='lat' dir='ltr'><strong>scripta,</strong></span> <span class='ocrx_word' id='word_1_135' title='bbox 748 3369 784 3418; x_wconf 91' lang='lat' dir='ltr'><strong>eo</strong></span> <span class='ocrx_word' id='word_1_136' title='bbox 803 3351 972 3435; x_wconf 85' lang='lat' dir='ltr'><strong>procliuior</strong></span> <span class='ocrx_word' id='word_1_137' title='bbox 993 3352 1062 3418; x_wconf 89' lang='lat' dir='ltr'><strong>erat</strong></span> <span class='ocrx_word' id='word_1_138' title='bbox 1082 3351 1192 3417; x_wconf 90' lang='lat' dir='ltr'><strong>horum</strong></span> <span class='ocrx_word' id='word_1_139' title='bbox 1216 3351 1392 3420; x_wconf 85' lang='lat' dir='ltr'><strong>emendatio</strong></span> <span class='ocrx_word' id='word_1_140' title='bbox 1412 3355 1445 3418; x_wconf 91' lang='lat' dir='ltr'><strong>et</strong></span> <span class='ocrx_word' id='word_1_141' title='bbox 1464 3352 1565 3418; x_wconf 87' lang='lat' dir='ltr'><strong>inter·</strong></span> 
     </span>
     <span class='ocr_line' id='line_1_18' title="bbox 426 3461 1565 3547; baseline 0.001 -19"><span class='ocrx_word' id='word_1_142' title='bbox 426 3463 545 3546; x_wconf 86' lang='lat' dir='ltr'><strong>polatio</strong></span> <span class='ocrx_word' id='word_1_143' title='bbox 560 3479 657 3546; x_wconf 87' lang='lat' dir='ltr'><strong>eoque</strong></span> <span class='ocrx_word' id='word_1_144' title='bbox 670 3462 777 3545; x_wconf 86' lang='lat' dir='ltr'><strong>plures</strong></span> <span class='ocrx_word' id='word_1_145' title='bbox 792 3462 979 3529; x_wconf 86' lang='lat' dir='ltr'><strong>exstiterunt</strong></span> <span class='ocrx_word' id='word_1_146' title='bbox 993 3462 1136 3529; x_wconf 88' lang='lat' dir='ltr'><strong>codicum</strong></span> <span class='ocrx_word' id='word_1_147' title='bbox 1148 3461 1289 3529; x_wconf 81' lang='lat' dir='ltr'><strong>familiae</strong></span> <span class='ocrx_word' id='word_1_148' title='bbox 1299 3481 1400 3547; x_wconf 88' lang='lat' dir='ltr'><strong>neque</strong></span> <span class='ocrx_word' id='word_1_149' title='bbox 1409 3462 1565 3529; x_wconf 78' lang='lat' dir='ltr'><strong>intactam</strong></span> 
     </span>
     <span class='ocr_line' id='line_1_19' title="bbox 424 3572 1563 3658; baseline 0 -20"><span class='ocrx_word' id='word_1_150' title='bbox 424 3591 551 3640; x_wconf 88' lang='lat' dir='ltr'><strong>snorum</strong></span> <span class='ocrx_word' id='word_1_151' title='bbox 586 3572 826 3657; x_wconf 79' lang='lat' dir='ltr'><strong>archetyporum</strong></span> <span class='ocrx_word' id='word_1_152' title='bbox 860 3573 1079 3658; x_wconf 73' lang='lat' dir='ltr'><strong>integritatem</strong></span> <span class='ocrx_word' id='word_1_153' title='bbox 1115 3573 1339 3640; x_wconf 78' lang='lat' dir='ltr'><strong>concordabant</strong></span> <span class='ocrx_word' id='word_1_154' title='bbox 1374 3572 1563 3658; x_wconf 76' lang='lat' dir='ltr'><strong>apographa</strong></span> 
     </span>
     <span class='ocr_line' id='line_1_20' title="bbox 426 3681 1564 3768; baseline -0.001 -18"><span class='ocrx_word' id='word_1_155' title='bbox 426 3681 536 3750; x_wconf 88' lang='lat' dir='ltr'><strong>deinde</strong></span> <span class='ocrx_word' id='word_1_156' title='bbox 555 3700 617 3750; x_wconf 92' lang='lat' dir='ltr'><strong>non</strong></span> <span class='ocrx_word' id='word_1_157' title='bbox 633 3681 743 3748; x_wconf 61' lang='lat' dir='ltr'><strong>mem</strong></span> <span class='ocrx_word' id='word_1_158' title='bbox 758 3684 808 3748; x_wconf 92' lang='lat' dir='ltr'><strong>sst</strong></span> <span class='ocrx_word' id='word_1_159' title='bbox 822 3682 1017 3768; x_wconf 80' lang='lat' dir='ltr'><strong>singulorum</strong></span> <span class='ocrx_word' id='word_1_160' title='bbox 1033 3701 1162 3768; x_wconf 91' lang='lat' dir='ltr'><strong>operum</strong></span> <span class='ocrx_word' id='word_1_161' title='bbox 1177 3682 1316 3750; x_wconf 90' lang='lat' dir='ltr'><strong>condicio</strong></span> <span class='ocrx_word' id='word_1_162' title='bbox 1331 3683 1388 3749; x_wconf 87' lang='lat' dir='ltr'><strong>out</strong></span> <span class='ocrx_word' id='word_1_163' title='bbox 1402 3700 1466 3748; x_wconf 88' lang='lat' dir='ltr'><strong>una</strong></span> <span class='ocrx_word' id='word_1_164' title='bbox 1479 3682 1564 3749; x_wconf 89' lang='lat' dir='ltr'><strong>eius·</strong></span> 
     </span>
     <span class='ocr_line' id='line_1_21' title="bbox 425 3793 1564 3879; baseline -0.002 -19"><span class='ocrx_word' id='word_1_165' title='bbox 425 3793 497 3862; x_wconf 92' lang='lat' dir='ltr'><strong>dem</strong></span> <span class='ocrx_word' id='word_1_166' title='bbox 520 3794 636 3862; x_wconf 85' lang='lat' dir='ltr'><strong>codicis</strong></span> <span class='ocrx_word' id='word_1_167' title='bbox 655 3812 713 3877; x_wconf 89' lang='lat' dir='ltr'><strong>per</strong></span> <span class='ocrx_word' id='word_1_168' title='bbox 733 3794 875 3862; x_wconf 84' lang='lat' dir='ltr'><strong>diuersas</strong></span> <span class='ocrx_word' id='word_1_169' title='bbox 896 3813 1024 3878; x_wconf 91' lang='lat' dir='ltr'><strong>operum</strong></span> <span class='ocrx_word' id='word_1_170' title='bbox 1045 3797 1151 3879; x_wconf 88' lang='lat' dir='ltr'><strong>partes</strong></span> <span class='ocrx_word' id='word_1_171' title='bbox 1171 3794 1358 3871; x_wconf 67' lang='lat' dir='ltr'><strong>auctoritem</strong></span> <span class='ocrx_word' id='word_1_172' title='bbox 1385 3812 1458 3859; x_wconf 91' lang='lat' dir='ltr'><strong>cum</strong></span> <span class='ocrx_word' id='word_1_173' title='bbox 1479 3793 1564 3860; x_wconf 89' lang='lat' dir='ltr'><strong>enim</strong></span> 
     </span>
     <span class='ocr_line' id='line_1_22' title="bbox 425 3903 1563 3990; baseline -0.002 -18"><span class='ocrx_word' id='word_1_174' title='bbox 425 3907 550 3989; x_wconf 84' lang='lat' dir='ltr'><strong>propter</strong></span> <span class='ocrx_word' id='word_1_175' title='bbox 578 3904 821 3990; x_wconf 89' lang='lat' dir='ltr'><strong>amplitudinem</strong></span> <span class='ocrx_word' id='word_1_176' title='bbox 849 3904 909 3972; x_wconf 92' lang='lat' dir='ltr'><strong>hoc</strong></span> <span class='ocrx_word' id='word_1_177' title='bbox 937 3923 1050 3990; x_wconf 88' lang='lat' dir='ltr'><strong>corpus</strong></span> <span class='ocrx_word' id='word_1_178' title='bbox 1078 3904 1295 3989; x_wconf 82' lang='lat' dir='ltr'><strong>particulatim</strong></span> <span class='ocrx_word' id='word_1_179' title='bbox 1323 3903 1563 3982; x_wconf 85' lang='lat' dir='ltr'><strong>describeretur,</strong></span> 
     </span>
     <span class='ocr_line' id='line_1_23' title="bbox 425 4015 1564 4102; baseline -0.002 -18"><span class='ocrx_word' id='word_1_180' title='bbox 425 4034 483 4084; x_wconf 82' lang='lat' dir='ltr'><strong>oua</strong></span> <span class='ocrx_word' id='word_1_181' title='bbox 503 4017 552 4084; x_wconf 92' lang='lat' dir='ltr'><strong>est</strong></span> <span class='ocrx_word' id='word_1_182' title='bbox 576 4016 775 4102; x_wconf 80' lang='lat' dir='ltr'><strong>singularum</strong></span> <span class='ocrx_word' id='word_1_183' title='bbox 800 4015 941 4100; x_wconf 87' lang='lat' dir='ltr'><strong>partium</strong></span> <span class='ocrx_word' id='word_1_184' title='bbox 962 4037 980 4083; x_wconf 90' lang='lat' dir='ltr'><strong>s</strong></span> <span class='ocrx_word' id='word_1_185' title='bbox 999 4017 1134 4085; x_wconf 89' lang='lat' dir='ltr'><strong>diuersis</strong></span> <span class='ocrx_word' id='word_1_186' title='bbox 1154 4016 1331 4102; x_wconf 76' lang='lat' dir='ltr'><strong>archetypis</strong></span> <span class='ocrx_word' id='word_1_187' title='bbox 1353 4015 1564 4099; x_wconf 78' lang='lat' dir='ltr'><strong>prosectarum</strong></span> 
     </span>
     <span class='ocr_line' id='line_1_24' title="bbox 426 4122 1564 4212; baseline -0.002 -19"><span class='ocrx_word' id='word_1_188' title='bbox 426 4125 536 4194; x_wconf 83' lang='lat' dir='ltr'><strong>critice</strong></span> <span class='ocrx_word' id='word_1_189' title='bbox 556 4126 647 4208; x_wconf 85' lang='lat' dir='ltr'><strong>ratio,</strong></span> <span class='ocrx_word' id='word_1_190' title='bbox 669 4144 764 4193; x_wconf 87' lang='lat' dir='ltr'><strong>suum</strong></span> <span class='ocrx_word' id='word_1_191' title='bbox 783 4126 997 4194; x_wconf 77' lang='lat' dir='ltr'><strong>subsidiorum</strong></span> <span class='ocrx_word' id='word_1_192' title='bbox 1013 4127 1268 4194; x_wconf 88' lang='lat' dir='ltr'><strong>instrumentum.</strong></span> <span class='ocrx_word' id='word_1_193' title='bbox 1290 4126 1368 4193; x_wconf 87' lang='lat' dir='ltr'><strong>bene</strong></span> <span class='ocrx_word' id='word_1_194' title='bbox 1382 4125 1484 4212; x_wconf 81' lang='lat' dir='ltr'><strong>igitur</strong></span> <span class='ocrx_word' id='word_1_195' title='bbox 1497 4122 1564 4192; x_wconf 90' lang='lat' dir='ltr'><strong>sin·</strong></span> 
     </span>
     <span class='ocr_line' id='line_1_25' title="bbox 426 4235 1564 4324; baseline 0 -21"><span class='ocrx_word' id='word_1_196' title='bbox 426 4235 530 4324; x_wconf 76' lang='lat' dir='ltr'><strong>gudan</strong></span> <span class='ocrx_word' id='word_1_197' title='bbox 559 4237 695 4322; x_wconf 85' lang='lat' dir='ltr'><strong>quodam</strong></span> <span class='ocrx_word' id='word_1_198' title='bbox 721 4255 795 4304; x_wconf 87' lang='lat' dir='ltr'><strong>casu</strong></span> <span class='ocrx_word' id='word_1_199' title='bbox 821 4237 937 4318; x_wconf 88' lang='lat' dir='ltr'><strong>euenit,</strong></span> <span class='ocrx_word' id='word_1_200' title='bbox 967 4239 1005 4304; x_wconf 91' lang='lat' dir='ltr'><strong>ut</strong></span> <span class='ocrx_word' id='word_1_201' title='bbox 1029 4237 1172 4304; x_wconf 89' lang='lat' dir='ltr'><strong>nonnulli</strong></span> <span class='ocrx_word' id='word_1_202' title='bbox 1202 4235 1322 4304; x_wconf 86' lang='lat' dir='ltr'><strong>codices</strong></span> <span class='ocrx_word' id='word_1_203' title='bbox 1352 4235 1564 4304; x_wconf 90' lang='lat' dir='ltr'><strong>uetustissimi</strong></span> 
     </span>
     <span class='ocr_line' id='line_1_26' title="bbox 428 4345 1563 4435; baseline -0.002 -21"><span class='ocrx_word' id='word_1_204' title='bbox 428 4346 590 4432; x_wconf 86' lang='lat' dir='ltr'><strong>eidemque</strong></span> <span class='ocrx_word' id='word_1_205' title='bbox 617 4347 816 4435; x_wconf 80' lang='lat' dir='ltr'><strong>integerrimi</strong></span> <span class='ocrx_word' id='word_1_206' title='bbox 842 4346 936 4415; x_wconf 89' lang='lat' dir='ltr'><strong>hodie</strong></span> <span class='ocrx_word' id='word_1_207' title='bbox 960 4350 1093 4427; x_wconf 74' lang='lat' dir='ltr'><strong>exstem,</strong></span> <span class='ocrx_word' id='word_1_208' title='bbox 1119 4364 1251 4432; x_wconf 87' lang='lat' dir='ltr'><strong>quorum</strong></span> <span class='ocrx_word' id='word_1_209' title='bbox 1277 4346 1395 4414; x_wconf 84' lang='lat' dir='ltr'><strong>auxilio</strong></span> <span class='ocrx_word' id='word_1_210' title='bbox 1421 4345 1563 4412; x_wconf 84' lang='lat' dir='ltr'><strong>difficilis</strong></span> 
     </span>
    </p>

    <p class='ocr_par' dir='ltr' id='par_1_3' title="bbox 527 4468 1355 4518">
     <span class='ocr_line' id='line_1_27' title="bbox 527 4468 1355 4518; baseline -0.002 0"><span class='ocrx_word' id='word_1_211' title='bbox 527 4468 580 4518; x_wconf 89' lang='lat'>111.</span> <span class='ocrx_word' id='word_1_212' title='bbox 1335 4469 1355 4516; x_wconf 88' lang='lat' dir='ltr'><strong>a</strong></span> 
     </span>
    </p>
   </div>
   <div class='ocr_carea' id='block_1_3' title="bbox 0 0 2012 5056">
    <p class='ocr_par' dir='ltr' id='par_1_4' title="bbox 0 0 2012 5056">
     <span class='ocr_line' id='line_1_28' title="bbox 0 0 2012 5056; baseline 0 0"><span class='ocrx_word' id='word_1_213' title='bbox 0 0 2012 5056; x_wconf 95' lang='lat' dir='ltr'><strong> </strong></span> 
     </span>
    </p>
   </div>
  </div>
 </body>
</html>
