4000 5066
481 401 545 467 246
953 401 1138 472 Appendix.

483 575 559 618 mum
575 558 601 618 si
617 561 730 636 saepius
745 560 880 631 inuadat,
896 576 930 619 ac
942 560 1062 621 subinde
1078 561 1233 622 maioribus
1248 560 1389 622 machinis
1409 558 1609 634 aggrediatur:

481 661 557 722 nihil
572 663 668 738 potest
683 665 821 723 adnsrsrm
846 678 910 722 enm
925 663 975 737 qui
991 667 1085 723 tecum
1099 667 1154 724 ost.
1179 663 1225 723 dio
1246 664 1320 723 iliud
1341 662 1474 723 Ioannis:
1496 663 1613 721 maior

483 769 541 826 est
564 765 624 840 qni
648 765 685 826 in
709 765 813 826 nobis
835 767 909 837 est,
939 783 1043 839 quam
1066 767 1126 841 qui
1149 767 1184 827 in
1207 768 1281 828 isto
1302 767 1440 826 mundo.
1464 766 1611 825 succurrat

483 867 556 926 illud
570 867 685 927 Domini
707 867 830 928 dietum
853 867 1038 926 confidite
1061 868 1230 941 quoniam
1253 885 1318 942 ego
1341 868 1413 928 uici
1436 867 1610 926 mnndum.

484 969 531 1028 iris
546 968 724 1029 orationibus
746 969 771 1028 oi
786 967 894 1028 Christi
908 967 991 1028 mileo
1013 969 1101 1030 fuerit
1123 970 1296 1030 exercitatus
1319 969 1356 1029 ad
1380 968 1557 1040 conflictum,
1581 969 1636 1026 ins

484 1069 547 1130 dies
562 1071 716 1144 comperiet
730 1088 812 1131 onum
827 1071 1040 1145 antagonistam
1057 1071 1232 1132 debiliorem.

433 1181 472 1240 39
527 1171 588 1231 Nee
613 1175 709 1233 tamen
723 1173 909 1233 remittendae
924 1176 993 1232 eunt
1006 1172 1152 1246 excubiae,
1180 1173 1206 1234 si
1221 1173 1334 1248 quando
1357 1173 1449 1232 hostie
1463 1172 1612 1232 simulabit

483 1273 732 1348 tranquillitatem,
749 1275 799 1335 aad
815 1276 970 1334 obseruane
984 1275 1065 1334 illins
1080 1275 1200 1335 insidias
1216 1275 1293 1335 dicat
1307 1291 1371 1334 cnm
1384 1275 1467 1334 beato
1478 1275 1610 1333 Abacuc:

484 1393 593 1449 snper
626 1377 831 1436 custodiam
864 1394 973 1437 meam
996 1379 1104 1436 stabo
1132 1379 1168 1436 et
1190 1377 1342 1451 gradum
1364 1375 1478 1451 figam
1500 1392 1612 1448 super

482 1479 639 1551 petram,
669 1478 745 1538 omni
774 1478 904 1538 custodia
918 1495 1037 1540 seruans
1059 1495 1107 1538 cor
1124 1495 1233 1550 meum,
1264 1495 1299 1538 ne
1325 1495 1382 1553 qua
1402 1480 1499 1552 pateat
1513 1477 1648 1536 adituxro

484 1579 679 1640 obambulanti
703 1581 906 1656 quaerentique
935 1597 1018 1654 quem
1045 1581 1173 1641 deuoret.
1201 1580 1377 1640 tutissimum
1399 1583 1493 1639 antem
1515 1578 1611 1639 cordis

482 1681 689 1741 munimentum
704 1685 748 1741 est
763 1683 901 1741 sobrietas
913 1699 977 1742 cnm
993 1682 1115 1742 instanti
1130 1683 1259 1742 oratioue
1270 1683 1387 1757 ingiqnc
1403 1680 1610 1755 scripturarum

483 1781 677 1842 meditatione.
708 1784 823 1843 omnis
855 1784 946 1843 enirn
982 1785 1174 1856 scriptura
1205 1784 1392 1844 diuinitus
1413 1783 1610 1856 inspirata,

484 1882 596 1944 utilis
618 1886 676 1944 ost
698 1883 740 1944 ad
763 1884 974 1957 docendum,
1003 1885 1046 1944 ad
1068 1887 1308 1960 arguendum,
1335 1887 1381 1946 ad
1403 1885 1608 1957 corripian-

483 1987 579 2058 dum,
603 1988 644 2046 ad
666 1987 904 2048 erudiendum
926 1989 962 2046 in
985 1989 1156 2061 iustitia,
1179 1989 1423 2063 otperfectuo
1439 1988 1647 2048 sithomcrs

482 2086 564 2159 Dei,
586 2089 628 2146 ad
650 2104 750 2147 omne
772 2105 860 2162 opos
883 2089 1012 2148 bonum
1034 2089 1257 2150 instructus.
1288 2107 1322 2149 ex
1344 2089 1398 2149 hac
1421 2088 1608 2165 igitnrcolli·

482 2189 592 2262 gandae
607 2191 677 2249 eunt
689 2190 858 2262 sententiae,
874 2207 945 2265 quae
961 2193 998 2250 ad
1012 2209 1128 2252 manum
1143 2194 1173 2252 ct
1188 2192 1269 2252 uelut
1283 2193 1313 2252 in
1328 2194 1475 2266 procincto
1489 2193 1610 2266 habeas,

482 2293 515 2349 nt
529 2291 576 2348 his
591 2291 721 2365 protinus
736 2295 896 2365 serpentem
921 2295 1008 2364 caput
1022 2294 1180 2366 erigentem
1202 2294 1329 2354 deiicies.
1356 2293 1452 2354 nullm
1467 2297 1512 2354 eat
1534 2295 1607 2353 onim

483 2393 642 2452 animorum
657 2395 782 2464 morbus,
805 2393 849 2452 cui
865 2411 920 2453 non
942 2410 1076 2467 praesens
1091 2395 1246 2454 remedium
1269 2395 1368 2454 diuina
1382 2397 1525 2470 scriptura
1539 2412 1609 2468 sup·

482 2494 634 2568 peditaret.
651 2495 718 2554 hinc
729 2495 917 2567 comparanda
930 2499 998 2553 sunt
1009 2495 1139 2569 exempla
1149 2495 1260 2569 piorum
1270 2498 1320 2556 eod
1331 2497 1480 2571 praecipue
1492 2497 1608 2568 Christi,
1619 2517 1651 2557 ro

484 2594 588 2668 quibus
603 2597 766 2669 aequisque
787 2596 834 2655 uel
848 2595 956 2655 animet
970 2596 1017 2655 nel
1029 2597 1200 2656 consolatur.

434 2695 477 2754 40
529 2695 620 2756 Venio
635 2711 710 2755 nunc
732 2696 768 2756 ad
794 2696 846 2755 illa
871 2696 948 2756 maia
973 2713 1046 2770 quao
1067 2697 1114 2756 acl
1129 2697 1221 2770 ipsam
1235 2703 1367 2758 naturam
1382 2699 1504 2760 hominis
1519 2701 1611 2760 comi-

482 2801 582 2858 tantur
596 2797 644 2858 nel
659 2799 778 2859 fortuito
793 2799 927 2858 uidentur
941 2799 1051 2859 inierri.
1074 2799 1145 2860 hace
1170 2818 1281 2876 quoqne
1305 2802 1371 2876 pins
1398 2802 1509 2862 animus
1530 2804 1560 2861 et
1574 2804 1611 2862 ad

482 2902 667 2974 pugnandum
678 2899 836 2961 instructoe
850 2901 906 2959 sibi
916 2904 1011 2961 uertet
1020 2901 1049 2960 in
1061 2901 1211 2962 materiam
1223 2919 1352 2964 coronae.
1368 2905 1492 2978 exemplo
1504 2903 1608 2964 iacianr

483 3002 557 3074 quod
581 3001 643 3060 dico
668 3001 782 3062 olarios.
813 3003 955 3062 excutitur
980 3002 1086 3076 aliquis
1106 3003 1292 3064 facultatibus
1307 3006 1366 3064 suis
1382 3005 1442 3064 eine
1458 3006 1532 3065 bello
1548 3006 1649 3066 einere-

483 3103 633 3180 naniragio
648 3103 710 3163 siue
734 3103 843 3180 rapina.
870 3121 906 3166 no
920 3105 1050 3180 protinus
1065 3105 1112 3163 hic
1127 3106 1235 3180 cogitet
1260 3106 1391 3180 laqueum
1406 3108 1457 3167 aut
1471 3107 1610 3168 rationem

482 3207 566 3266 malis
581 3207 692 3266 artibus
708 3203 850 3266 sarciendi
861 3207 937 3280 qnod
951 3207 1049 3280 periit,
1065 3207 1116 3266 aad
1132 3208 1174 3265 ita
1188 3225 1283 3268 socom
1294 3207 1442 3282 loquatur:
1462 3200 1610 3270 ‘Dominus

423 3295 427 3304 ¹
483 3311 527 3368 est
542 3308 697 3383 quitontat
710 3325 754 3368 me
770 3325 806 3366 an
822 3307 939 3382 diligam
955 3308 1048 3382 ipsum
1064 3325 1099 3368 ax
1114 3311 1175 3367 toto
1190 3309 1281 3368 corde.
1299 3309 1377 3382 ipse
1400 3311 1516 3382 dudit,
1532 3311 1612 3384 ipee

483 3409 658 3483 abstulit,
681 3411 730 3470 sit
751 3427 873 3470 nomen
896 3409 1040 3469 Domini
1064 3411 1305 3471 benedictum.
1328 3412 1439 3486 gratias
1453 3413 1612 3487 egatqnod

483 3512 627 3585 acceperit
641 3529 675 3572 ex
691 3511 806 3572 Domini
816 3511 1011 3587 benignitate:
1038 3517 1107 3586 agat
1121 3513 1232 3586 gratias
1254 3515 1329 3585 quod
1344 3513 1471 3572 amiserit
1485 3515 1521 3572 ad
1543 3533 1609 3588 pro·
1620 3530 1650 3569 ao

483 3614 626 3675 bationom
639 3613 714 3676 fidoi.
745 3613 855 3674 siheoo
870 3615 974 3674 dixerit
995 3629 1028 3676 eo
1050 3614 1143 3674 auimo
1160 3632 1222 3692 quo
1237 3613 1309 3674 dixit
1324 3615 1516 3689 mndoelob,
1548 3635 1611 3677 cnm

483 3716 534 3777 illo
550 3716 707 3776 mercedem
722 3715 851 3790 accipiet.
877 3715 1015 3776 Dominus
1041 3715 1177 3776 aestimat
1198 3733 1255 3776 non
1270 3721 1407 3790 quantum
1430 3718 1496 3791 quis
1508 3719 1612 3792 perdat

483 3819 534 3878 sod
549 3835 634 3892 quam
648 3819 806 3891 patienter,
829 3818 1064 3892 quemadmodum
1079 3836 1136 3878 non
1150 3819 1268 3894 respicit
1282 3821 1420 3895 qnantum
1431 3819 1536 3894 aliquis
1550 3819 1611 3880 lar·

485 3919 583 3996 giatur
598 3921 749 3995 egentibus
765 3921 816 3982 ssd
831 3937 886 3995 qno
902 3920 1005 3982 auimo.
1021 3921 1110 3982 habet
1124 3921 1230 3996 aliquia
1245 3921 1335 3983 lilium
1359 3923 1440 3984 onice
1455 3939 1561 3996 carum,
1577 3939 1609 3983 eo

551 4189 626 4245 210.
644 4191 670 4254 4,
687 4190 714 4244 4.
799 4189 994 4254 alarcos.
1082 4189 1210 4254 ΗΜ,
1230 4189 1253 4244 1.
1341 4189 1507 4247 ldli'iirn.
1525 4191 1550 4256 3,
1570 4192 1609 4247 ro

482 4273 584 4331 colob
603 4276 627 4341 1,
644 4277 688 4332 21.
