4016 5054
415 369 479 434 234
891 367 1073 434 ,lpponrlirn

364 525 402 583 21
460 527 514 584 Sed
530 542 602 600 quac
617 539 708 598 poena
723 529 820 584 manet
834 523 910 594 illos,
936 523 985 596 qui
1010 529 1077 598 poet
1102 527 1214 584 motam
1239 523 1384 597 euangelii
1409 523 1500 582 locem
1515 523 1547 578 et

414 628 548 702 gratiam,
564 630 760 701 posteaquam
771 626 860 686 semel
874 625 1028 685 illuminati
1041 630 1119 697 sunt,
1135 627 1328 701 portauerant
1341 625 1428 684 etiam
1443 624 1545 683 donum

414 728 553 800 caeleste,
576 733 606 788 et
625 728 780 802 participes
800 727 870 786 iacti
890 731 958 787 sunt
979 727 1101 802 spiritus
1122 729 1234 798 musti,
1255 729 1445 801 gristauerunt
1458 743 1546 798 aeque

415 831 520 890 bonum
538 830 590 891 Dei
615 831 735 890 uerbum
749 831 928 903 uirtuteeqoo
951 831 1059 890 saeculi
1074 831 1200 903 uenturi,
1226 831 1256 888 in
1277 829 1370 888 multa
1390 831 1476 902 atque
1491 829 1545 886 im·

414 934 510 993 mania
539 934 658 992 crinnna
684 930 861 1005 relabuntur,
887 933 1086 1006 crucifigentes
1113 931 1301 1006 sibimetipsis
1327 931 1417 990 lilium
1438 931 1490 989 Dei
1516 932 1567 989 ets

413 1037 541 1094 ostentui
556 1037 716 1094 lrabentesl
732 1037 781 1110 qui
797 1037 850 1095 boo
863 1036 932 1093 sunt
946 1035 1033 1094 etiam
1047 1035 1280 1105 miserabiliores,
1304 1035 1379 1107 quood
1394 1050 1457 1092 cum
1472 1032 1546 1090 tales

413 1138 481 1207 sint,
498 1148 690 1211 aspernentur
704 1141 799 1198 tamon
813 1136 1004 1212 poenitenliae
1019 1135 1154 1196 salutaris
1170 1137 1338 1206 remedium,
1360 1136 1546 1194 contemnunt

414 1240 564 1300 ecclesiam
578 1242 740 1300 maternum
754 1239 893 1313 mensium
913 1241 1078 1299 offerentem
1099 1242 1130 1298 et
1149 1241 1187 1298 ad
1208 1237 1343 1298 unitatis
1358 1237 1544 1296 metaumtio·

413 1358 479 1400 nem
519 1342 699 1400 innitentem.
736 1341 873 1400 eiusmodi
907 1341 1027 1401 delemio
1063 1345 1201 1415 quonum
1237 1343 1324 1415 putas
1361 1337 1544 1413 ignominiam

414 1444 505 1504 inurit
546 1443 706 1503 ecclesiae?
746 1461 799 1504 neo
834 1461 869 1504 oa
908 1443 1064 1517 ignominia
1098 1461 1155 1503 non
1196 1445 1292 1517 petest
1327 1443 1468 1516 pertinere
1508 1442 1580 1502 adso

414 1545 560 1604 Christum
589 1545 637 1618 qui
666 1549 711 1603 est
736 1548 822 1619 caput
843 1544 979 1605 eooleoiao
1005 1547 1034 1604 et
1059 1561 1111 1618 per
1137 1544 1233 1604 omnic
1258 1561 1341 1602 sunm
1367 1561 1430 1603 osse
1455 1543 1543 1613 (lucit,

412 1648 488 1720 quod
514 1651 559 1706 est
584 1646 710 1720 corporis
735 1665 770 1706 ec
792 1647 980 1707 membrorum
1005 1645 1107 1718 ipsius.
1138 1662 1154 1704 e
1179 1645 1303 1716 dinemo,
1326 1647 1434 1718 quanta
1455 1642 1544 1704 lotium

412 1747 550 1809 ecclesiae
574 1747 739 1820 emultatio,
771 1766 835 1808 cum
864 1749 914 1822 qni
938 1749 1039 1822 lapsus
1064 1750 1110 1806 est
1135 1764 1186 1820 per
1218 1747 1423 1822 poenitentiam
1452 1745 1542 1804 eccle·

413 1851 473 1910 siae
487 1850 709 1911 reconcilietur?
725 1868 760 1910 ac
774 1867 811 1909 ne
823 1854 956 1925 putemus
970 1851 1025 1910 hoc
1038 1848 1176 1924 mollium
1191 1849 1268 1923 apud
1281 1865 1335 1908 oos
1345 1851 1457 1908 motum
1468 1863 1543 1918 esse,

411 1952 564 2011 Dominum
590 1952 741 2011 audiamus
761 1953 791 2010 in
812 1951 961 2024 euangelio
975 1941 1061 2012 κατὰ
1075 1951 1373 2026 Locamloquentom:
1388 1951 1442 2008 ita
1463 1950 1577 2008 dicore

411 2053 536 2125 nobis,
560 2055 652 2126 quod
675 2055 846 2126 gaudium
868 2053 943 2112 erit
964 2054 1000 2112 in
1022 2054 1543 2124 caelosuperunopeocetore

410 2154 683 2229 poenitentiam
713 2157 861 2228 egente,
894 2172 996 2228 quam
1037 2172 1147 2227 super
1183 2153 1389 2226 nonaginta
1418 2171 1542 2214 nouem

411 2256 544 2328 iustis,
577 2256 638 2330 qui
661 2273 729 2316 non
752 2257 1192 2329 indigentpoeniteotia.
1223 2273 1289 2314 nem
1317 2256 1388 2314 baec
1414 2255 1543 2315 clausula

409 2357 476 2416 linit
489 2357 657 2430 parabolam
672 2360 706 2416 de
721 2362 847 2431 pastore,
862 2358 912 2432 qui
926 2358 1037 2417 relictis
1051 2359 1210 2430 nonaginta
1224 2375 1325 2419 nouem
1341 2357 1442 2417 ouibus
1456 2375 1540 2416 unam

410 2479 496 2534 quam
511 2479 530 2520 a
544 2477 632 2534 grege
646 2461 830 2520 aberreuerat
839 2459 929 2519 multo
940 2459 1037 2519 laboro
1052 2461 1211 2534 quaesitam
1223 2477 1258 2520 ao
1267 2463 1383 2520 tandem
1393 2461 1538 2520 inuentam
1550 2483 1577 2522 ao

413 2563 551 2636 imposuit
566 2561 693 2621 humeris
709 2563 771 2622 suis
785 2566 816 2622 et
830 2561 927 2622 caulae
941 2561 1077 2622 restituit
1093 2562 1182 2621 simili
1197 2563 1341 2623 sententia
1362 2565 1469 2624 claudit
1489 2583 1541 2638 pa·

411 2665 542 2723 rabulam
557 2665 593 2723 do
606 2663 742 2738 muliere,
757 2682 830 2738 quae
844 2666 1006 2724 drachmam
1028 2664 1169 2738 perditam
1191 2667 1350 2726 inuenerat.
1380 2668 1434 2725 ita
1462 2667 1542 2726 dico

410 2764 520 2823 uobis
542 2764 713 2838 goudium
735 2766 811 2825 orit
833 2781 954 2824 coram
987 2767 1134 2840 engolis
1156 2768 1221 2825 Dei
1243 2783 1353 2841 snper
1375 2785 1442 2826 uno
1465 2783 1541 2841 poc·

410 2869 537 2925 ostore
558 2867 827 2939 poenitentiam
849 2871 989 2940 agento.
1024 2884 1077 2928 neo
1102 2871 1198 2926 tamem
1213 2869 1267 2927 hoo
1283 2868 1325 2927 sio
1346 2869 1540 2942 accipiendum
1606 2865 1609 2871 '

410 2971 465 3038 est,
482 2968 635 3040 quasiDeo
647 2969 750 3027 eteius
762 2968 873 3043 angelis
885 2970 996 3042 gratius
1011 2970 1051 3028 sit
1065 2973 1131 3044 post
1146 2971 1259 3044 lapsum
1273 2969 1367 3030 redire
1388 2971 1424 3028 ad
1448 2971 1539 3042 pieta·
1550 2993 1576 3032 es

410 3073 478 3140 tem,
502 3088 588 3143 quarn
603 3071 677 3130 citra
690 3071 803 3144 lapsum
818 3088 1000 3144 perseuerare
1015 3073 1045 3131 in
1060 3073 1239 3132 innocentia:
1272 3073 1324 3132 sed
1339 3072 1481 3146 scriptura
1492 3087 1543 3130 suo

411 3187 488 3229 more
515 3171 641 3244 loquitur
676 3173 829 3230 secundum
867 3171 985 3231 allectus
1017 3175 1173 3246 humanos,
1204 3173 1276 3231 illud
1313 3176 1449 3232 testatum
1479 3188 1542 3231 esse

410 3273 510 3330 uolens
536 3274 596 3331 Deo
622 3274 817 3346 gratissimam
832 3291 894 3333 esso
916 3277 1330 3346 peccatorumconnersionem.
1360 3275 1542 3334 nonenim

409 3375 560 3445 quaerit
582 3378 733 3434 mortem
753 3375 978 3448 peccatoris,
1017 3377 1078 3435 sed
1100 3379 1218 3452 magis
1240 3381 1281 3436 ut
1302 3381 1543 3438 connectatur

410 3477 446 3533 ot
468 3476 581 3536 uiuat.
1551 3500 1577 3538 so

359 3588 400 3646 22
454 3578 551 3652 Atque
566 3580 710 3640 interdum
724 3580 835 3654 piorum
850 3581 994 3641 bominum
1015 3583 1114 3656 lapsus
1136 3585 1267 3656 quamuis
1293 3599 1422 3645 enormes
1443 3585 1542 3644 diuina

410 3678 624 3752 dispensatione
640 3685 793 3742 comuntur
815 3684 846 3742 in
872 3700 1012 3744 summum
1034 3685 1173 3746 ecclesiae
1186 3686 1355 3760 profectum.
1385 3664 1427 3746 sio
1440 3685 1539 3759 lapsus

410 3783 456 3839 est
471 3782 663 3855 apostolorum
678 3783 821 3861 princeps,
837 3787 880 3846 sic
894 3787 1003 3846 Paulus
1017 3789 1148 3862 gentium
1162 3789 1270 3861 doctor,
1296 3790 1339 3849 sic
1351 3789 1444 3849 Haris
1456 3789 1541 3863 nng-

410 3881 521 3953 (lalens,
537 3885 641 3957 quibus
656 3903 733 3945 nnnc
748 3888 869 3946 ecclesia
882 3890 1034 3963 praecipuo
1048 3889 1206 3964 glorietur,
1222 3908 1342 3966 quorum
1364 3892 1462 3965 lapsus
1476 3909 1538 3951 oee-

409 3987 510 4044 serunt
525 3986 555 4044 in
570 3987 796 4048 stabilimentum
811 4005 844 4050 eo
859 3989 992 4051 solebam
1007 3993 1107 4051 domus
1119 3993 1181 4052 Dei.
1198 3993 1348 4066 praetcrea
1362 4011 1419 4053 non
1433 3993 1481 4052 hio
1495 3993 1538 4052 lo·
1549 4013 1574 4053 as

480 4235 511 4288 15
529 4235 592 4290 Luc.
612 4238 653 4300 15,
672 4239 696 4291 7.
800 4241 835 4294 28
853 4241 896 4294 lla.
916 4242 957 4308 le,
976 4241 1017 4297 3⁶2.
