4012 5056
726 478 773 534 Do
790 479 894 535 laudo
910 480 1072 550 martyrii
1089 495 1111 534 c.
1131 480 1242 536 11-13.
1514 485 1557 551 35

411 640 520 715 quauta
545 640 576 700 iu
602 596 885 716 praesentioribus
909 637 950 699 eit
973 655 1090 701 merces.
1113 639 1139 700 si
1166 640 1292 701 saeuitia
1312 640 1378 714 fuit.
1402 639 1507 704 cessit:
1531 641 1558 702 ei

411 743 526 802 tunimo
540 743 607 816 init,
622 740 762 804 consedit
777 739 927 802 eratenim
939 757 998 801 una
1007 757 1087 801 mens
1101 741 1234 803 omuibus
1249 760 1335 817 quom
1350 759 1404 804 neo
1418 743 1559 805 uiolentia

411 845 559 921 frangeret
578 861 632 906 nec
652 843 698 905 ira
721 843 904 906 subuerteret
928 859 981 904 uec
995 861 1013 904 a
1027 844 1188 906 deuotionis
1203 845 1340 922 obsequio
1355 846 1442 907 tmor
1456 846 1559 908 mortis

412 948 566 1009 inhiberet.
589 948 666 1008 uude
691 963 745 1022 per
771 945 897 1022 gratiam
922 945 1039 1006 Domini
1064 947 1173 1008 iactum
1199 949 1245 1008 est
1265 951 1299 1008 ut
1319 948 1362 1008 sic
1382 949 1413 1007 iu
1433 948 1494 1009 illis
1509 966 1560 1010 rex

389 1049 505 1123 upotius
528 1047 673 1109 uideretur
692 1046 813 1122 punitus
827 1061 900 1120 esee,
916 1048 983 1107 dum
1004 1048 1131 1108 euodunt
1151 1065 1223 1124 quos
1244 1064 1277 1110 sc
1300 1049 1462 1111 crediderat
1482 1049 1558 1110 occi-

412 1150 500 1211 disse.

453 1253 538 1314 Nunc
553 1253 610 1312 iam
625 1253 662 1312 ael
682 1267 745 1313 eam
760 1269 830 1326 rem,
853 1251 960 1313 lrstreo
980 1249 1130 1330 carissimi,
1151 1251 1267 1314 uenmm
1282 1269 1318 1314 ex
1333 1269 1391 1328 qua
1405 1255 1555 1317 ostendere
1566 1252 1608 1314 13

410 1356 483 1414 satis
497 1355 607 1428 possim
620 1356 731 1428 quanta
744 1353 877 1429 martyrii
891 1353 986 1414 uirtus
999 1355 1154 1415 habeatur:
1176 1371 1250 1429 quae
1270 1355 1389 1416 tametsi
1402 1359 1448 1417 est
1463 1357 1560 1417 omui·

375 1501 376 1506 η
411 1457 464 1517 bus
479 1460 548 1517 uoto
562 1472 671 1532 proque
685 1455 833 1531 ingenitae
848 1455 990 1517 claritatis
1006 1455 1170 1531 insignibus
1184 1456 1355 1532 expetenda,
1379 1460 1477 1519 temen
1491 1459 1559 1536 plus

375 1557 523 1618 roaddielit
543 1559 702 1619 necessitas
724 1557 863 1633 temporis
884 1557 1026 1619 desiderio
1046 1558 1215 1633 uoluptatis.
1238 1558 1345 1619 etenim
1366 1561 1411 1620 cst
1431 1561 1559 1623 muueris

411 1659 509 1736 magni
523 1661 549 1721 si
564 1677 597 1722 eo
614 1662 743 1735 tempore
766 1660 833 1734 quis
853 1662 1004 1720 coronetur
1027 1676 1082 1733 quo
1097 1663 1264 1720 coronatum
1284 1677 1316 1721 se
1331 1663 1426 1736 putot,
1442 1663 1468 1722 si
1484 1663 1560 1725 forto

409 1764 558 1823 moriatur.
574 1761 665 1837 igitur
680 1779 745 1822 cum
760 1759 801 1822 sit
814 1760 937 1822 sublime
952 1761 1151 1836 excelsumque
1162 1761 1343 1838 martyrium,
1358 1779 1454 1824 nonne
1464 1766 1559 1840 magis

410 1868 455 1924 ost
466 1865 669 1938 necessarium,
682 1881 747 1925 cum
762 1866 886 1925 munius
901 1863 963 1938 ipse
975 1865 1155 1924 subuertitur
1164 1864 1329 1940 partimque
1341 1865 1411 1928 orbe
1422 1883 1558 1928 concusso

409 1970 515 2026 natura
528 1965 665 2027 deficiens
679 1964 775 2025 ultimi
791 1965 885 2026 exitus
899 1965 1081 2026 monuments
1095 1967 1243 2025 testatur?
1266 1983 1333 2026 nom
1348 1969 1378 2027 et
1393 1985 1457 2028 cum
1478 1967 1558 2030 caelo

375 2067 503 2129 cimber
524 2066 675 2143 incumbit,
701 2066 817 2142 pluuias
840 2084 889 2128 aer
909 2068 994 2128 triste
1008 2067 1181 2142 praetendit,
1203 2071 1233 2129 et
1256 2068 1390 2144 quotiens
1406 2073 1470 2131 atra
1484 2076 1558 2133 tem-

409 2175 510 2244 pestas
523 2168 653 2231 horrenti
667 2169 800 2229 imminet
818 2169 931 2243 pelago,
957 2186 1009 2245 por
1034 2169 1211 2244 interaports
1235 2170 1355 2231 nubium
1380 2175 1448 2232 ante
1474 2191 1558 2234 coru·

411 2271 555 2332 scsutium
569 2271 692 2332 fulmina
705 2271 902 2332 relucescunt:
926 2271 977 2332 sod
991 2273 1021 2333 et
1036 2289 1099 2332 cum
1120 2271 1234 2346 magnis
1248 2289 1327 2332 more
1342 2273 1478 2334 fluctibus
1493 2274 1557 2334 uol-

411 2373 507 2446 uitur,
528 2373 669 2448 paulatim
692 2373 770 2431 unda
790 2389 822 2432 se
845 2370 926 2432 tollit
949 2371 1145 2447 paulatimque
1171 2390 1278 2448 aequor
1303 2373 1442 2449 albescit,
1470 2377 1559 2436 donoc

412 2493 513 2536 cernas
528 2477 569 2536 ita
584 2476 767 2550 postmodum
781 2491 875 2548 ruere,
891 2478 925 2534 ut
939 2477 969 2534 iu
985 2474 1045 2534 illis
1060 2475 1164 2551 quibus
1180 2475 1346 2536 retunditur
1362 2477 1440 2536 saxis
1456 2493 1558 2551 opums

482 2747 495 2795 l
509 2739 626 2809 tributo]
638 2739 816 2794 tribulatione
828 2739 869 2793 To
879 2739 928 2794 aed
939 2741 970 2792 iu
982 2741 1008 2794 Τ
1016 2739 1089 2794 tione
1097 2753 1119 2793 o.
1129 2739 1156 2804 i..
1167 2739 1301 2794 munuca
1315 2740 1339 2812 Q
1427 2741 1557 2796 scenitae

409 2824 499 2889 LPT,
517 2824 631 2880 sobitiae
650 2825 674 2897 Q
779 2824 835 2879 init
852 2824 1010 2896 LNPQT',
1028 2823 1143 2878 iuuentis
1163 2825 1209 2890 Τῇ
1226 2824 1335 2895 fugito
1439 2827 1520 2881 cessit
1532 2827 1558 2882 si

411 2911 553 2982 11N0.c'c
570 2926 658 2982 moro.
677 2910 741 2966 odet
761 2911 802 2979 P,
820 2908 930 2964 cesserit
949 2909 980 2975 Τ,
999 2911 1022 2962 si
1040 2909 1121 2964 cessit
1137 2927 1155 2966 o
1258 2910 1349 2965 osric
1366 2911 1488 2966 consedit
1505 2927 1556 2966 oon

414 2991 472 3067 ΘΤ,
489 2995 615 3051 constitit
632 3011 650 3051 o
755 2997 783 3050 et
801 2997 860 3050 erat
877 2994 914 3064 P,
933 2995 1091 3050 constiterat
1110 2994 1162 3066 ΩΤ
1262 2994 1458 3066 Bdouotionis]
1477 2997 1558 3052 ‹leuo-

410 3083 528 3137 cationia
552 3081 580 3136 Τ
715 3081 735 3136 4
757 3080 788 3135 in
812 3097 863 3136 ocu.
887 3080 915 3137 Τ
1048 3081 1066 3135 5
1088 3080 1205 3135 occidere
1228 3080 1335 3152 ΙιρΤος
1360 3096 1423 3150 pars
1441 3082 1557 3138 secunda

410 3167 477 3222 aco
496 3167 524 3222 L
594 3167 611 3220 'l
630 3181 690 3220 eom
708 3165 776 3234 rem]
794 3163 885 3220 eadem
906 3163 959 3236 ΟΥ
1025 3165 1088 3234 qua]
1106 3163 1206 3234 quibus
1223 3165 1262 3220 Μ
1276 3165 1310 3220 c'ss
1327 3180 1383 3221 ros.
1402 3167 1468 3235 (qua
1487 3166 1543 3245 Q)¹

409 3254 428 3308 8
446 3268 515 3322 quae
531 3254 625 3307 temen
642 3251 696 3306 etsi
712 3251 751 3317 N,
768 3251 817 3321 qui
835 3251 919 3305 etiam
938 3251 989 3305 otri
1008 3250 1040 3323 Q,
1058 3250 1105 3320 qui
1122 3249 1207 3304 etiam
1224 3249 1248 3304 si
1266 3251 1351 3306 etiam
1370 3251 1396 3306 T
1468 3253 1557 3308 omui·

409 3337 461 3392 bus
479 3339 555 3393 osto
658 3339 676 3392 9
694 3352 768 3407 proq.
787 3337 861 3405 Nq.
880 3336 912 3390 io
929 3351 993 3402 raa,
1012 3352 1059 3406 pro
1077 3351 1130 3405 quo
1149 3334 1201 3406 QT
1302 3337 1429 3392 claritote
1446 3338 1471 3392 ia
1488 3338 1515 3393 Τ

411 3423 446 3476 lo
462 3422 615 3477 uoluntatis
633 3421 681 3478 No
794 3421 901 3476 muneri
919 3419 1012 3488 mani
1031 3419 1066 3484 L,
1084 3420 1203 3475 muueris
1220 3421 1329 3490 maguis
1347 3421 1435 3493 M¹Q¹
1454 3423 1509 3488 (uis
1526 3423 1558 3478 ἐκ

409 3507 438 3562 ui
457 3523 529 3563 corr.
546 3507 654 3579 M‘Q2),
670 3507 700 3562 in
717 3507 837 3562 muueris
855 3509 962 3576 mcgms
981 3506 1033 3570 N'.
1051 3505 1080 3560 iu
1098 3505 1253 3560 muneribus
1271 3507 1379 3576 magnis
1396 3507 1510 3565 N'PTo

411 3593 444 3646 11
463 3594 525 3663 quo]
545 3593 594 3661 qui
612 3592 641 3647 P
745 3592 948 3647 remetiuntur
960 3591 988 3646 Τ
1088 3593 1116 3644 et
1128 3591 1314 3661 excelsumque
1327 3593 1356 3646 P
1458 3595 1556 3667 nonne]

412 3692 482 3732 nuuc
502 3677 569 3747 ρΤυ
682 3677 717 3732 13
734 3693 796 3732 cum
813 3677 922 3748 emori,
940 3691 993 3747 quo
1012 3675 1155 3748 LNPQT,
1174 3675 1282 3745 quondo
1299 3694 1318 3732 o
1430 3677 1504 3733 orbis
1521 3679 1561 3737 Μ

410 3761 485 3825 (orbe
504 3761 548 3833 Q),
566 3763 601 3817 ob
619 3763 654 3818 N
755 3778 885 3817 concursu
897 3761 941 3826 Μ,
960 3777 1101 3818 concursso
1116 3761 1147 3832 ρ,
1164 3777 1292 3816 mucosus
1304 3760 1349 3816 N‘
1454 3763 1489 3817 14
1499 3779 1559 3819 mo·

409 3849 537 3902 meutao
646 3847 784 3902 testantur
801 3846 830 3903 Ρ
937 3849 965 3902 ct
982 3863 1032 3902 orm
1052 3846 1078 3901 Τ
1191 3847 1226 3902 15
1242 3845 1338 3918 pluuia
1355 3863 1383 3902 oo
1400 3848 1481 3903 triste
1500 3848 1558 3920 ΘΤ,

409 3931 533 4000 pluuiam
560 3933 669 3986 tristem
692 3947 737 3986 aer
759 3933 807 3988 secl
829 3931 939 4002 pluuias
961 3947 1007 3986 aer
1032 3931 1156 3988 uistiro
1295 3929 1416 3986 ostendit
1434 3933 1522 3988 Osco.

410 4015 803 4073 murmurmurmur
813 4017 840 4074 Τ
906 4017 977 4073 iuter
986 4019 1079 4087 aperta
1087 4017 1200 4072 nubium
1211 4021 1274 4072 aute
1284 4017 1351 4083 NP,
1363 4017 1558 4088 interspertam

410 4101 524 4156 humum
542 4105 607 4158 ante
620 4101 655 4168 L.
672 4105 795 4174 opertam
807 4103 932 4158 bumium
945 4107 1022 4158 nocte
1033 4101 1065 4173 Q,
1077 4103 1149 4157 inter
1159 4105 1254 4173 operta
1265 4103 1389 4158 bumium
1399 4107 1476 4159 necte
1487 4105 1514 4159 Τ

411 4187 447 4244 17
466 4187 579 4243 flumina
597 4188 650 4260 ΡΟ
771 4189 938 4244 relucescunt
955 4187 991 4242 M
1015 4188 1193 4258 (relucescunt
1211 4188 1245 4260 Q)
1368 4191 1397 4243 et
1414 4206 1465 4245 oro.
1483 4189 1510 4244 L

411 4289 485 4328 mare
502 4274 643 4343 meguioo
749 4275 783 4329 18
801 4273 933 4342 paulatim
945 4273 1073 4330 ...tollit
1090 4289 1141 4330 om.
1162 4273 1186 4346 Q
1296 4275 1331 4331 19
1348 4275 1376 4329 in
1395 4275 1461 4345 illia]
1475 4276 1559 4332 illisis

415 4357 504 4416 caen.
611 4358 719 4428 quibus]
738 4358 847 4428 quidem
866 4359 898 4413 N
1000 4359 1080 4428 saris]
1099 4359 1156 4414 aris
1174 4360 1204 4414 P
1306 4375 1430 4429 spumam
1448 4378 1464 4416 o

1294 4450 1346 4511 3*
