4016 5054
750 436 797 490 De
813 435 949 504 duplici
967 436 1134 505 martyrio
1154 451 1175 490 c.
1195 437 1271 491 1-2.
1515 439 1578 504 221

441 595 479 655 ad
499 593 742 655 exstimulandum
765 594 890 654 odicium
912 611 1025 667 menm,
1053 599 1085 655 nt
1106 596 1189 656 unico
1218 595 1316 656 libello
1338 596 1582 658 commilitonibus

441 695 549 756 nostris
562 696 714 756 materiam
730 697 990 770 subministrarem,
1005 699 1080 757 undo
1094 697 1151 757 sibi
1165 699 1262 773 gratio
1282 699 1403 774 spiritus
1418 700 1581 772 opitulante

443 798 621 858 munimenta
635 797 751 873 telaque
766 798 979 859 fabricarentur
993 799 1132 860 aduersus
1146 800 1377 874 persecutionum
1391 801 1536 873 incursus,
1552 805 1583 861 et

443 900 516 960 mibi
536 900 613 973 qnod
633 901 753 972 petebas
773 900 889 960 conanti
904 917 962 959 uon
978 901 1133 975 dedignata
1148 906 1195 961 est
1209 903 1319 974 adesse
1335 904 1364 962 et
1378 902 1455 977 quod
1470 902 1582 963 unim-

422 1001 499 1076 sqne
523 1003 655 1060 nostrum
682 1018 797 1074 operam
819 1019 876 1061 uon
901 1018 989 1075 passa
1003 1004 1048 1062 ost
1063 1019 1125 1062 csse
1141 1002 1279 1076 sterilem,
1304 1005 1359 1063 hoc
1374 1005 1420 1064 ost
1435 1005 1512 1079 qnod
1524 1004 1582 1064 mei

443 1103 598 1163 Fortunati
623 1102 705 1178 pium
726 1104 902 1165 desiderium
922 1103 995 1163 bone
1010 1103 1178 1177 fortunanit,
1207 1108 1237 1166 et
1250 1105 1378 1166 ministri
1393 1105 1440 1165 sni
1454 1105 1582 1166 odicium

443 1207 537 1268 uoluit
562 1222 624 1268 esse
646 1206 745 1282 gregis
771 1207 816 1266 sni
837 1205 1016 1266 beneficium.
1047 1207 1151 1267 scribis
1173 1207 1249 1268 enim
1271 1225 1305 1268 ex
1320 1225 1352 1268 oo
1367 1207 1443 1268 libro
1459 1185 1593 1268 mmoum'

443 1309 554 1371 roboris
566 1311 596 1369 et
607 1307 770 1369 alacritatis
781 1309 937 1370 accessisse
949 1309 1085 1382 strenuis,
1101 1307 1293 1370 timidioribus
1305 1313 1401 1371 sutem
1416 1313 1447 1372 et
1461 1309 1583 1370 infirmis

444 1414 559 1471 tuntum
584 1411 744 1472 animorum
766 1426 831 1470 esse
851 1411 991 1483 additum,
1018 1413 1051 1469 nt
1071 1427 1106 1470 ex
1126 1411 1175 1470 bis
1195 1429 1307 1486 quoqne
1322 1429 1373 1484 per
1387 1413 1442 1472 Dei
1457 1411 1583 1486 gratiam

410 1517 551 1575 incertam
567 1513 717 1574 uictoriam
732 1513 816 1574 nobis
831 1512 1000 1587 promittere
1022 1514 1185 1574 debuemus.
1215 1531 1304 1589 eoque
1318 1513 1456 1575 libentius
1472 1514 1582 1575 obtem·

444 1615 544 1689 perani
558 1614 768 1688 posterioribus
783 1615 843 1672 tuis
857 1614 975 1686 litteris,
992 1615 1098 1688 quibus
1114 1619 1178 1676 orat
1193 1619 1244 1675 tna
1259 1616 1375 1690 caritas,
1397 1621 1432 1676 ut
1446 1617 1583 1691 qnoniam

445 1719 499 1777 boc
524 1715 660 1791 auspiciis
686 1714 802 1774 Domini
827 1715 919 1775 nostri
943 1717 1009 1775 Iesu
1025 1715 1136 1775 Christi
1150 1716 1223 1776 bene
1238 1718 1386 1793 successit,
1412 1718 1516 1778 addam
1530 1735 1583 1778 no·

445 1819 542 1879 lumen
566 1818 690 1877 alterum
712 1818 747 1875 de
768 1817 876 1890 duplici
897 1817 1031 1892 martyrii
1046 1833 1167 1890 genere:
1191 1835 1312 1893 qnorum
1328 1837 1415 1878 nuum
1431 1820 1585 1880 exhibetur

446 1937 511 1980 cnm
532 1920 625 1980 saeuit
646 1921 788 1978 tortorum
810 1918 987 1991 immanitas,
1014 1919 1139 1978 alterum
1160 1919 1300 1980 occultius
1321 1921 1437 1994 quidem
1451 1923 1506 1996 est,
1534 1922 1586 1980 sod

413 2021 634 2083 cenibilominus
660 2020 765 2080 fortem
790 2019 918 2080 animum
942 2021 1072 2094 postulat
1098 2020 1245 2096 multaque
1271 2021 1413 2082 diuinitus
1437 2025 1586 2082 armatura

448 2123 663 2184 communitum.
687 2122 798 2182 utinam
822 2124 851 2182 ct
871 2124 926 2182 hoc
940 2139 1044 2182 munus
1060 2122 1169 2182 Christi
1185 2121 1304 2197 spiritns
1319 2140 1371 2197 por
1384 2141 1430 2184 me
1445 2123 1586 2183 fratribus

447 2226 477 2283 ot
491 2223 735 2286 commilitonibus
749 2224 858 2283 noetus
872 2224 976 2297 largiri
1003 2225 1139 2297 dignetur
1161 2226 1191 2283 ct
1214 2225 1290 2297 qurod
1304 2224 1415 2284 dederit
1430 2225 1502 2285 bens
1516 2241 1585 2298 pro·

448 2342 573 2402 sperare.
603 2326 838 2400 quemadmodum
863 2324 940 2384 euim
967 2324 1042 2383 nihil
1068 2329 1199 2386 sanctum
1225 2326 1283 2384 nisi
1304 2325 1355 2386 illo
1376 2325 1585 2396 sanctificante,

447 2427 522 2488 nibil
537 2430 640 2502 potens
655 2427 712 2488 nisi
728 2425 778 2486 illo
794 2428 1016 2488 corroborante:
1039 2427 1082 2487 ita
1103 2427 1177 2487 nihil
1204 2427 1283 2498 felix,
1305 2427 1378 2486 nihil
1404 2428 1587 2502 auspicatum

414 2531 506 2594 renisi
532 2530 583 2590 illo
610 2533 806 2603 prosperante.
838 2546 908 2588 saue
929 2535 959 2588 ot
981 2531 1088 2589 nestris
1109 2531 1243 2603 precibus
1266 2534 1296 2588 et
1317 2529 1432 2590 Domini
1454 2530 1585 2591 bonitate

448 2633 541 2693 fretus
556 2631 719 2706 aggrediar.

490 2735 611 2809 Mertyu
628 2736 661 2793 ut
675 2733 713 2792 iis
727 2750 840 2807 quoque
855 2735 954 2792 notum
968 2737 1014 2792 cst
1029 2733 1080 2806 qni
1092 2731 1198 2793 Graece
1212 2733 1353 2807 nesciunt,
1370 2736 1474 2794 testem
1490 2736 1584 2794 sonet.
1599 2739 1618 2797 2

448 2853 620 2909 quamquam
642 2837 739 2894 antem
760 2836 826 2907 post
848 2837 976 2893 exortum
992 2833 1175 2908 euangelicos
1190 2836 1325 2895 ueritatis
1339 2836 1432 2896 lucem
1448 2836 1588 2896 ecclcsia-

449 2936 523 2996 stics
548 2937 721 2996 consuetudo
742 2933 921 3010 cognominis
947 2935 1032 2994 huius
1047 2936 1183 2996 honorem
1198 2937 1313 3010 proprie
1328 2937 1471 2997 tribueret
1484 2937 1521 2996 iis
1537 2937 1588 3011 qni

413 3039 478 3100 rein
505 3039 657 3099 tormentis
678 3053 769 3111 nsque
791 3039 828 3097 cd
851 3039 971 3096 mortem
993 3038 1187 3111 perdurarunt
1209 3037 1238 3095 in
1261 3037 1439 3112 professione
1460 3038 1587 3100 nominis

448 3141 515 3200 Iesu
531 3139 641 3200 Christi
656 3142 685 3199 et
700 3138 900 3213 euangelicum
917 3138 1140 3198 instrumentum
1160 3138 1300 3212 sangnine
1325 3158 1376 3200 suo
1403 3140 1485 3201 uelut
1510 3141 1589 3200 obsi·

448 3243 574 3316 gnarnnt
585 3242 661 3315 spnd
673 3239 852 3300 incredulos:
868 3241 961 3300 omnis
972 3241 1068 3299 tamen
1080 3241 1193 3313 piorum
1203 3241 1266 3299 nita
1280 3241 1476 3302 testimonium
1491 3243 1589 3301 reddit

448 3345 519 3416 Deo,
540 3361 599 3403 non
622 3342 697 3417 qnod
718 3341 770 3424 ille
792 3342 963 3416 cuiusquam
989 3345 1073 3415 egeat
1096 3340 1272 3413 testimonio,
1295 3343 1345 3415 qni
1367 3360 1402 3402 ex
1417 3359 1448 3403 se
1464 3343 1529 3402 lons
1544 3345 1590 3403 est

450 3450 583 3506 aeternae
606 3444 726 3519 gloriae,
753 3445 786 3502 ut
806 3459 859 3503 noo
883 3442 953 3502 ullis
974 3442 1123 3504 hominnm
1138 3441 1295 3502 honoribus
1311 3441 1374 3502 fieri
1388 3443 1481 3518 possit
1498 3445 1589 3504 hono·

414 3572 442 3613 ro
449 3547 541 3608 ratior
555 3563 608 3608 nec
622 3546 691 3607 ullis
706 3545 870 3606 mortalium
885 3545 1052 3620 ignominiis
1067 3543 1229 3607 obscurior:
1254 3543 1306 3604 sed
1323 3547 1419 3604 tamen
1435 3544 1478 3604 ita
1492 3544 1590 3604 uisum

450 3653 495 3712 est
517 3651 631 3711 aetemo
651 3649 733 3709 illins
755 3649 909 3724 dininoqnc
930 3646 1060 3720 consilio,
1087 3651 1120 3708 ut
1134 3663 1216 3708 suam
1231 3647 1389 3708 bonitatem
1416 3646 1591 3721 sapientiem

449 3770 484 3811 cc
498 3753 655 3826 potentiam
670 3753 747 3827 epnd
763 3753 893 3812 homines
907 3769 959 3825 per
972 3749 1103 3812 homines
1114 3751 1188 3810 uelit
1199 3751 1350 3823 illustrari,
1366 3750 1442 3810 siont
1453 3750 1592 3809 mundum

450 3852 605 3929 gnbemari
632 3853 725 3913 uoluit
750 3870 802 3929 per
818 3853 946 3927 angelos,
974 3869 1038 3912 cnm
1058 3852 1225 3927 angelorum
1248 3851 1408 3912 ministerio
1423 3867 1479 3911 non
1495 3852 1591 3924 ogeru,

450 3955 596 4032 multaque
610 3957 776 4018 bominibus
791 3975 843 4032 per
857 3956 989 4017 homiues
1003 3955 1156 4030 largiatur,
1179 3972 1252 4030 quse
1267 3971 1318 4029 per
1333 3969 1365 4014 se
1381 3955 1451 4014 dare
1466 3955 1591 4027 poterat,

415 4059 501 4134 unni
526 4059 664 4134 quidquid
690 4057 756 4118 nult
776 4062 849 4117 nutu
869 4059 966 4132 potest
990 4060 1020 4117 ot
1040 4057 1087 4116 cui
1102 4058 1228 4118 noluisse
1244 4057 1349 4117 fecisse
1363 4059 1418 4117 est.
1442 4059 1472 4115 et
1486 4071 1591 4130 qnam-

451 4179 537 4237 qusm
557 4165 590 4221 nt
611 4161 670 4221 dixi
694 4161 732 4221 ad
752 4161 834 4222 illam
859 4159 1035 4220 ineffabilem
1050 4159 1231 4220 maiestatem
1252 4159 1333 4219 nulla
1347 4158 1489 4234 pertingit
1503 4157 1589 4232 iguo·

451 4264 550 4337 minia,
574 4267 670 4324 tamen
688 4265 720 4323 iu
744 4263 899 4337 scripturis
914 4263 956 4322 itu
971 4263 1109 4336 loquitur,
1136 4261 1220 4337 qnasi
1235 4279 1287 4336 per
1302 4278 1354 4322 nos
1370 4261 1526 4320 honoretur
1541 4260 1589 4321 uel
