4016 5054
424 439 487 501 206
668 454 669 458 ¹
895 433 1078 504 Appendix.

423 592 550 653 tionibus
564 592 734 667 appetitur?
764 594 816 652 aut
841 591 955 652 illorum
980 593 1037 652 erit
1051 593 1164 654 sincera
1178 592 1346 654 fraternitas
1360 593 1551 662 aestimanda,

423 696 458 753 de
479 695 584 768 quibus
606 693 682 754 tiliae
697 695 799 754 matris
829 693 965 754 ecclesiae
990 694 1185 768 perducuntur
1210 693 1241 752 iu
1267 695 1400 769 culpent
1431 695 1457 752 ai
1483 693 1552 754 talis

423 797 581 859 christiana
595 797 702 859 caritas
716 798 881 870 adnotatur,
897 796 1093 857 indubitanter
1104 797 1169 858 odia
1183 796 1301 856 meliora
1314 799 1382 856 sunt
1395 811 1469 871 quae
1483 797 1551 854 dum

423 903 559 974 separent
572 900 714 959 nemiuem
728 898 884 959 maculant.
915 899 987 958 haec
1000 899 1097 958 autem
1111 897 1291 972 parricidalis
1313 897 1430 958 dilectio
1446 897 1551 957 trabes

421 1005 618 1077 persecutores
632 1002 759 1060 munera
774 1001 938 1072 consumit,
964 999 1014 1074 qui
1040 999 1163 1060 libenter
1188 1000 1337 1073 patiuntur
1364 999 1399 1058 de
1415 1015 1467 1058 sue
1481 1015 1571 1058 con-s

421 1103 511 1163 sertio
536 1103 612 1164 filias
639 1103 777 1164 ecclesiae
805 1101 976 1162 fornicarias
1001 1102 1144 1162 diffamari
1171 1105 1270 1162 coutm
1294 1101 1442 1162 caritatem
1465 1118 1552 1176 quam

421 1205 692 1279 Paulusapestolus
707 1203 934 1266 docuitdicens:
963 1204 1120 1265 dilectio
1146 1202 1303 1280 proximi
1329 1204 1460 1263 malum
1482 1220 1550 1264 non

422 1310 607 1382 operatur.
631 1307 749 1382 egregia
770 1307 902 1382 probatio
916 1305 1062 1380 mutatu,
1091 1323 1163 1380 quae
1177 1323 1233 1366 non
1248 1308 1361 1366 tantum
1382 1305 1467 1365 noxia
1482 1321 1550 1378 ger-

422 1409 560 1468 manitate
575 1410 667 1469 etticit
680 1409 826 1483 proximo,
855 1408 907 1468 sed
920 1407 1007 1467 etiam
1022 1408 1151 1467 subiecta
1165 1424 1222 1466 non
1235 1409 1300 1468 nult
1314 1423 1377 1468 esse
1392 1409 1550 1483 praescrip·

420 1511 548 1572 tionibus
570 1509 743 1586 apostolicae
759 1509 905 1570 iussionis.
921 1509 1129 1569 contundantur
1143 1509 1304 1570 adsertores
1318 1509 1480 1570 dilectionis
1494 1510 1550 1570 bu·
1561 1526 1586 1564 ιυ

422 1611 586 1684 iuscemedi,
612 1629 684 1685 quoa
709 1611 838 1670 iudicant
864 1609 910 1669 illi
935 1610 985 1684 qui
1011 1627 1062 1685 pro
1084 1611 1279 1670 communibus
1293 1611 1448 1671 commodis
1463 1611 1551 1670 etiarn

422 1713 659 1788 consanguineam
676 1713 815 1773 deserunt
827 1712 989 1772 caritatem.

369 1814 413 1874 30
465 1815 498 1872 In
514 1815 589 1874 omni
604 1815 709 1873 mundo
725 1829 815 1887 paene
830 1815 923 1873 totum
938 1813 1066 1872 iunctum
1080 1816 1125 1872 est
1136 1829 1229 1887 genus
1238 1814 1393 1872 humanum
1406 1817 1436 1872 et
1447 1813 1551 1888 ubique

421 1915 552 1990 regnatis
566 1913 709 1974 naturalis
725 1913 839 1975 alterne
853 1913 1083 1989 peregrinatione
1097 1915 1277 1974 discernitur.
1307 1918 1429 1990 possunt
1445 1931 1548 1988 paren-

422 2021 480 2090 tes,
503 2020 624 2091 possum
638 2017 702 2089 filii,
719 2018 841 2090 pessunt
857 2015 977 2086 iratres,
1000 2017 1121 2088 pessunt
1135 2018 1165 2074 ct
1180 2015 1237 2088 ipsi
1251 2016 1326 2090 quod
1342 2016 1407 2090 plus
1423 2019 1468 2076 eet
1481 2033 1548 2076 oon·
1560 2035 1584 2076 u

421 2119 503 2192 iuges
518 2135 536 2176 a
550 2117 609 2178 Deo
632 2133 769 2178 concessa
790 2117 849 2176 sibi
864 2120 985 2176 naturae
1002 2117 1116 2176 uincula
1131 2116 1316 2190 disrumpere,
1332 2121 1362 2176 et
1376 2117 1474 2178 clerici
1488 2117 1548 2176 Deo
1645 2191 1646 2194 Ἴ

418 2236 475 2279 non
487 2219 658 2280 concedente
673 2219 792 2292 insuper
807 2218 974 2292 prohibente
988 2217 1137 2278 mulierum
1153 2219 1272 2278 nexibus
1286 2218 1452 2279 ancillatam
1466 2235 1549 2280 recu·

419 2337 483 2381 aare
497 2338 554 2381 non
568 2321 667 2380 ualent
682 2320 857 2380 caritatem?
888 2320 1013 2395 optanda
1034 2337 1147 2394 semper
1168 2321 1298 2395 cognatis
1313 2321 1482 2380 absentatur
1496 2321 1548 2380 ad·

420 2422 517 2482 linitas
531 2423 733 2497 proximorum,
750 2425 779 2480 et
794 2421 975 2494 peregrinari
997 2422 1034 2481 ab
1056 2423 1198 2482 extraneis
1213 2421 1327 2481 leminis
1342 2421 1441 2482 clerici
1456 2422 1549 2482 reluc·
1626 2461 1628 2466 η

419 2527 538 2585 tantur?
566 2525 670 2599 quibus
694 2522 857 2583 iaciendum
873 2522 983 2596 fuerat,
1005 2523 1093 2582 etiam
1109 2524 1136 2582 si
1151 2523 1294 2598 peculiare
1316 2523 1425 2598 aliquid
1441 2524 1488 2584 uel
1502 2524 1548 2582 iu·
1559 2545 1586 2586 ao

418 2628 585 2686 consuetum
599 2624 738 2685 Dominus
754 2623 939 2697 imperasset,
954 2623 1005 2697 qui
1019 2626 1055 2684 ad
1070 2624 1239 2700 explicanda
1250 2623 1433 2698 inpossibilia
1442 2625 1551 2685 babent

418 2727 553 2802 spiritum
566 2730 707 2800 sanctum,
730 2742 815 2801 quem
829 2725 966 2784 mundani
982 2727 1110 2786 homines
1124 2743 1181 2787 non
1190 2727 1307 2786 habent.
1325 2727 1550 2787 undelohannes

419 2828 771 2902 apostolnssicadmenet
790 2827 906 2886 dicens:
937 2826 1057 2887 filioli
1083 2827 1225 2888 uincite
1247 2827 1352 2900 illos,
1379 2827 1550 2903 quoniam

418 2930 529 2992 maior
558 2932 614 2990 est
643 2929 708 3005 qui
738 2929 775 2988 in
805 2929 910 2988 uobis
940 2931 998 2988 est
1024 2947 1127 3002 quam
1152 2929 1188 2989 in
1218 2930 1283 2989 hoc
1309 2931 1448 2991 mundo.
1474 2948 1551 2991 nuuc

417 3048 485 3091 uero
515 3031 651 3104 possibile
678 3030 766 3090 etiam
788 3030 924 3104 gentibus
939 3047 997 3090 non
1011 3031 1104 3091 dicam
1119 3030 1289 3090 Christianis
1311 3033 1342 3091 et
1356 3031 1420 3090 leue
1434 3031 1546 3105 prospi·
1559 3057 1583 3096 ιι

418 3133 493 3193 citur
508 3134 537 3192 et
551 3135 627 3206 apud
642 3131 759 3193 clemens
775 3133 837 3192 eine
854 3130 923 3191 ullis
938 3131 1087 3192 effectibus
1101 3136 1265 3206 euacuatur,
1288 3134 1322 3192 ut
1336 3149 1438 3206 parum
1453 3133 1493 3192 sit
1507 3133 1549 3192 eis

417 3233 471 3292 Dei
483 3234 617 3292 mandata
626 3233 781 3306 despicere,
797 3233 853 3291 nisi
869 3233 947 3291 uliud
963 3235 1085 3293 dedecus
1099 3234 1233 3306 habeant,
1250 3234 1325 3308 quod
1336 3250 1388 3293 nec
1402 3236 1550 3293 sectantur

418 3351 474 3394 nen
489 3335 580 3394 dicam
595 3335 715 3395 niueum
730 3335 856 3394 omuinm
873 3333 1003 3408 gentium
1019 3337 1266 3395 consuetudinem:
1290 3335 1395 3410 quibus
1410 3333 1548 3395 Dominus

417 3452 469 3510 per
482 3435 615 3496 Ezechiel
630 3435 784 3508 exprobrat
799 3438 828 3495 et
843 3435 929 3495 dicit:
952 3435 989 3495 in
1016 3435 1210 3512 legalibus
1237 3436 1326 3497 meis
1348 3455 1416 3497 non
1432 3437 1548 3497 ambu-

417 3537 531 3599 lastis
560 3542 595 3598 et
623 3537 1124 3600 iustificationesmeasnou
1153 3539 1316 3614 lecistis,
1346 3541 1409 3600 sed
1431 3557 1582 3616 nequeas

416 3642 613 3702 secundum
643 3641 952 3703 iustificationes
989 3643 1152 3717 gentium
1182 3660 1271 3717 quae
1304 3646 1390 3704 sunt
1419 3643 1456 3702 in
1479 3643 1547 3704 cir-

485 3849 594 3902 tRom.
615 3847 656 3916 13,
677 3849 717 3903 10.
823 3847 858 3902 23
876 3846 889 3900 Ι
908 3845 948 3902 lo.
966 3847 993 3911 4,
1010 3847 1037 3902 4.
1138 3849 1173 3903 29
1191 3849 1235 3904 lla.
1253 3851 1279 3914 5,
1296 3849 1320 3904 7.

484 4055 501 4106 9
518 4055 653 4122 proximos
672 4055 696 4109 0
712 4055 761 4121 (cs.
781 4055 866 4112 Lacr.
884 4059 912 4121 2,
931 4059 993 4121 155)
1134 4053 1167 4108 10
1183 4055 1337 4124 euangoliea
1355 4054 1400 4110 uel
1418 4057 1546 4126 apostoli·

415 4153 461 4193 cae
483 4137 506 4194 0
693 4139 889 4212 huiuscemodi]
913 4141 1023 4196 huiusce
1040 4167 1120 4196 aaa·
1143 4139 1166 4195 0
1361 4143 1394 4196 17
1411 4167 1471 4194 aa·
1489 4157 1547 4196 mu·

414 4224 603 4280 tiorum-00
739 4226 897 4282 ancillatam
916 4227 960 4281 uel
978 4227 1147 4296 compeditam
1170 4226 1193 4282 0
1330 4227 1365 4280 18
1381 4242 1435 4281 non
1454 4226 1547 4282 ualent

414 4325 566 4364 recusares
670 4311 703 4365 ut
722 4314 848 4366 mentm
868 4312 902 4369 0¹
1006 4312 1040 4368 29
1058 4311 1214 4366 ezechielem
1232 4327 1248 4366 o
