4012 5056
430 420 485 505 Ι24
921 435 1107 507 appendia

442 596 576 656 humeros
590 598 722 669 premant
736 597 767 655 et
785 594 925 654 luxuriam
946 594 1104 655 infeliciter
1118 613 1149 656 se
1164 596 1253 658 animi
1270 596 1404 657 metantis
1419 597 1582 657 ostendant.

441 698 511 772 quid
537 714 601 758 uum
627 697 753 758 oemiooe
777 696 937 772 peregrinis
961 696 1106 771 lapidibus
1134 701 1274 773 urgentur
1304 699 1580 772 manutentionem,

441 815 562 874 quorum
588 798 683 874 pretia
707 799 794 859 otiam
819 800 881 860 eine
906 799 1017 859 artibus
1037 801 1234 862 kalendarium
1267 802 1394 862 ouiusnie
1419 802 1581 862 oxoeduut?

442 918 499 962 non
520 905 638 962 ornatum
657 901 770 973 mulier,
791 903 841 960 sed
862 901 935 961 uitia
955 901 1085 962 mulieris
1106 905 1312 964 ostenduntur.
1335 903 1404 977 quio
1418 921 1482 963 onm
1498 903 1581 977 digiti

440 1003 494 1062 tali
514 1020 585 1063 auro
605 1002 716 1064 onerati
736 1020 789 1064 neo
808 1003 915 1063 intrare
935 1006 1057 1076 possunt
1071 1021 1124 1064 neo
1143 1005 1264 1078 egredi?
1287 1009 1383 1065 utrum
1403 1021 1473 1064 usus
1493 1020 1600 1077 expo-a

440 1104 497 1165 soit
523 1121 561 1164 au
581 1103 816 1178 patrimoniorum
841 1103 937 1164 inanis
962 1120 1066 1178 pompe
1085 1109 1285 1167 monstretur?
1309 1105 1411 1188 mirum
1425 1105 1581 1180 negotium,

442 1205 577 1266 mulieres
591 1209 629 1266 ad
652 1207 747 1266 omnia
766 1205 906 1266 delioatoa
926 1207 962 1267 ari
976 1206 1112 1266 uitiomm
1127 1207 1257 1268 earoinae
1272 1207 1405 1268 tortiores
1419 1210 1488 1267 sunt
1503 1204 1581 1266 uiris.

392 1317 432 1376 13
485 1309 541 1369 Seri
560 1311 594 1368 nt
613 1312 741 1383 repetam
767 1327 839 1383 qnae
860 1325 1017 1385 ooeperam,
1043 1309 1164 1372 uolentia
1186 1327 1298 1384 semper
1323 1314 1369 1371 eet
1389 1307 1528 1384 pudicitia
1552 1310 1581 1367 ot

440 1409 513 1470 uiris
527 1412 558 1471 ot
571 1411 696 1484 feminis,
712 1411 788 1472 omni
802 1411 931 1472 custodia
944 1413 1086 1472 seruanda
1099 1417 1146 1470 eet
1156 1413 1234 1471 intra
1251 1412 1358 1472 limitas
1373 1428 1450 1472 suos.
1472 1410 1528 1470 oito
1543 1407 1579 1468 de

439 1515 544 1572 natura
563 1513 691 1586 eorporis
716 1511 896 1586 parielitatur
909 1514 940 1571 in
961 1529 1087 1587 oorpore,
1113 1513 1181 1572 dum
1202 1513 1280 1586 repit
1300 1512 1380 1572 illam
1401 1529 1495 1572 eeonm
1509 1527 1575 1570 oaro
1586 1531 1611 1573 m

440 1628 515 1685 quae
530 1629 641 1686 semper
656 1613 687 1672 iu
700 1612 784 1687 lapsu
798 1616 853 1673 oet.
875 1613 929 1674 rub
942 1617 1091 1687 praetexto
1107 1613 1212 1689 quippo
1227 1619 1345 1673 naturae
1360 1631 1432 1688 queo
1448 1613 1576 1672 homines

441 1729 554 1787 sempor
578 1717 683 1788 urguet
708 1715 745 1774 ad
764 1715 898 1786 effoetus,
924 1715 1029 1789 quibus
1049 1715 1150 1774 ruinae
1172 1715 1300 1790 ooniapei
1321 1719 1436 1789 generis
1457 1715 1579 1774 resaroi-

441 1819 540 1887 untur,
555 1814 749 1875 blandimento
762 1815 919 1888 uoluptatis
939 1815 1044 1875 fallens
1066 1831 1122 1875 nou
1137 1816 1218 1875 dooit
1232 1817 1269 1874 ad
1283 1815 1488 1875 oontiueutiam
1504 1815 1576 1888 legi·

441 1916 528 1977 timae
553 1916 762 1978 ooninnotionis
787 1917 920 1990 sobolem,
947 1919 999 1978 sed
1021 1918 1112 1978 iaetat
1132 1917 1163 1976 iu
1187 1919 1305 1977 crimen.
1329 1933 1396 1992 ergo
1411 1919 1511 1976 eontra
1525 1917 1579 1976 has

442 2020 538 2080 earnis
559 2019 690 2090 insidiae,
711 2020 815 2095 quibus
830 2036 860 2080 ee
875 2020 1006 2080 diabolus
1022 2023 1052 2080 ot
1066 2021 1174 2080 eooium
1189 2019 1292 2078 inserit
1305 2022 1335 2078 ot
1350 2019 1460 2090 dotem,
1476 2020 1576 2078 obluo·
1587 2039 1611 2078 a

442 2121 562 2181 tandum
583 2125 629 2180 est
649 2122 725 2181 omui
745 2138 849 2196 genero
874 2122 1003 2182 uirtutis.
1026 2121 1214 2181 adsumantur
1240 2121 1393 2180 seeundum
1418 2117 1578 2194 apostolum

443 2221 551 2282 Christi
575 2239 661 2296 opera
680 2225 710 2282 et
730 2239 748 2282 a
767 2225 908 2282 ooneortio
928 2222 1024 2292 earnis
1045 2223 1076 2281 iu
1096 2227 1235 2296 quantum
1255 2225 1349 2294 potest
1363 2223 1476 2280 unimus
1496 2221 1578 2280 oolli-

444 2325 541 2396 gatur,
563 2327 713 2398 soporetur
732 2323 825 2384 omnis
844 2341 946 2384 seusus
966 2341 1125 2398 aoorpore,
1141 2323 1214 2382 uitia
1228 2339 1340 2396 semper
1354 2323 1531 2396 castigentur
1546 2324 1579 2380 ut

444 2424 588 2496 odiantur,
609 2428 677 2484 oute
700 2427 796 2485 oeulos
816 2427 984 2486 obuersetur
1005 2425 1142 2484 deformis
1157 2425 1214 2484 isto
1228 2427 1315 2497 atque
1330 2425 1457 2483 deieotna
1472 2423 1583 2496 peoooti

444 2526 547 2603 pudor,
568 2526 745 2598 paenitentia
763 2528 826 2600 ipsa
845 2544 908 2586 oum
928 2526 1054 2585 luctibus
1078 2526 1140 2585 auis
1161 2542 1235 2600 queo
1255 2525 1467 2585 oommieeorum
1482 2523 1579 2583 orimi-
1591 2541 1616 2582 au

444 2643 512 2685 uum
534 2627 687 2688 inhonesta
706 2628 876 2690 oonteatutio
897 2632 952 2688 aet.
981 2627 1055 2686 nihil
1078 2628 1273 2688 consideretur
1294 2627 1404 2686 curiose
1426 2627 1456 2685 io
1476 2624 1578 2685 aiiouis

516 2862 531 2919 1
551 2865 580 2916 et
597 2877 648 2917 om.
667 2862 707 2918 Zo
803 2878 831 2916 eo
849 2876 935 2916 om
1033 2861 1127 2930 animi]
1146 2863 1236 2914 autem
1256 2861 1282 2914 Ζ
1376 2857 1502 2913 ostendat
1520 2857 1547 2911 Ζ

443 2946 554 3016 2quid]
573 2947 680 3018 namZ
784 2946 982 3002 abeoondeutur
998 2947 1023 2999 Ζ
1131 2945 1260 3014 tetiam]
1280 2945 1351 2997 enim
1368 2943 1394 2997 Ζ
1496 2943 1585 2997 oulen·

444 3029 539 3085 darum
558 3033 598 3098 K3
626 3031 798 3086 oiiindrorum
816 3038 882 3086 onus
899 3033 970 3086 root
994 3032 1144 3096 Ενωιιιιιι,
1166 3031 1215 3085 aed
1232 3030 1304 3094 ooop'.
1326 3029 1440 3084 Tenuit.
1459 3028 1493 3082 uie
1510 3028 1587 3082 oreta

442 3117 507 3183 fem.
534 3115 602 3172 res
622 3115 739 3187 graeilee
762 3117 868 3172 surium
890 3119 965 3172 outes
987 3114 1175 3170 kalendarium
1200 3114 1330 3170 exoeduut
1468 3113 1586 3168 cuiusuis

445 3200 520 3255 urbis
538 3199 565 3255 Ζ
667 3201 764 3270 omli]
783 3201 927 3269 quidemn
944 3201 997 3256 tali
1015 3203 1051 3264 K,
1070 3199 1229 3255 oiroumdati
1249 3201 1275 3254 Ζ
1375 3199 1500 3253 honorati
1519 3198 1544 3252 Ζ

446 3285 504 3354 neo]
523 3300 557 3340 ne
575 3287 601 3339 Ζ
704 3285 801 3340 intrari
820 3286 850 3338 K
862 3285 912 3340 aeci
928 3285 952 3339 ri
969 3287 1002 3340 ira
1018 3301 1074 3340 roa.
1092 3291 1119 3339 et
1137 3285 1296 3338 otterestat.
1314 3299 1336 3338 a.
1349 3283 1377 3347 1.,
1395 3282 1546 3352 ingrediZ

445 3387 494 3426 neo
511 3371 603 3441 egredi
620 3387 672 3428 orn.
691 3371 718 3426 Ζ
800 3371 948 3441 expueoitur
966 3371 1014 3426 Ka
1100 3371 1116 3424 ‘t
1134 3369 1257 3424 mulieris
1276 3369 1304 3423 Ζ
1385 3367 1503 3422 delicata
1520 3368 1547 3422 Ζ

444 3457 637 3526 8eedlaioZ
737 3457 882 3510 estomo
984 3453 1305 3517 otauirisZ,uiriso
1408 3451 1547 3507 tieta'b

446 3541 497 3610 est]
522 3543 550 3596 et
567 3542 595 3597 Ζ
694 3539 807 3610 limites]
830 3541 933 3596 milites
952 3541 978 3596 Ζ
1079 3538 1113 3594 de
1134 3555 1223 3596 om.u
1333 3539 1365 3592 11
1389 3537 1497 3592 labrum
1520 3537 1545 3590 2

446 3629 583 3696 praetorto
608 3627 646 3691 Ζ,
668 3627 840 3696 praetextae
953 3627 987 3680 12
1009 3625 1044 3680 ari
1067 3641 1117 3680 ora
1141 3625 1170 3678 Ζ
1275 3622 1383 3693 quibus]
1402 3621 1549 3692 QuippeZ

446 3711 638 3781 resarciuntur]
661 3711 810 3765 mieiuutur
826 3713 852 3763 Ζ
969 3711 1003 3765 13
1020 3710 1173 3764 uoluntatis
1191 3709 1218 3763 Ζ
1325 3706 1519 3761 oontiueutiam
1537 3721 1589 3760 ora.

445 3797 477 3861 Ζ
501 3796 693 3851 ooneoiontiam
711 3797 740 3848 K
842 3797 876 3851 15
895 3800 960 3864 port
982 3793 1097 3849 insidias
1120 3809 1177 3848 roa.
1195 3797 1213 3846 7
1231 3793 1283 3846 titt.
1301 3793 1333 3846 tm
1351 3791 1383 3845 Κ
1485 3807 1513 3846 se
1530 3790 1591 3845 ‹iia-

445 3881 535 3952 boiue]
559 3881 667 3937 sedibus
685 3881 713 3935 Ζ
813 3881 949 3950 ingenito
1053 3878 1156 3947 duooru]
1173 3877 1250 3932 donet
1268 3878 1307 3942 Z,
1329 3876 1424 3932 dutum
1442 3875 1542 3932 iaoito

448 3967 484 4024 16
507 3970 696 4023 assumaturo
799 3966 831 4020 17
855 3982 941 4022 aum.
961 3967 986 4019 Z
1089 3964 1120 4019 in
1141 3979 1227 4018 ormo
1334 3963 1369 4016 18
1386 3976 1477 4017 omues
1494 3977 1590 4016 senous

446 4053 480 4116 Ζ,
498 4067 643 4108 consensus
661 4051 708 4107 Ko
826 4051 906 4120 uitia]
925 4051 983 4106 uita
1000 4049 1029 4105 Ζ
1148 4050 1182 4103 19
1198 4048 1308 4104 odiatur
1325 4047 1353 4102 Ζ
1465 4047 1589 4101 obserua-

447 4140 494 4192 tur
511 4139 542 4192 K
643 4136 770 4193 deformis
787 4135 849 4207 iste]
867 4135 998 4192 deformis
1016 4151 1073 4190 esse
1091 4133 1129 4199 Κ,
1144 4133 1303 4190 deformitas
1322 4134 1349 4188 Ζ
1444 4133 1481 4187 20
1495 4129 1589 4203 pudor.

447 4221 621 4279 Paenitentia
637 4224 678 4279 aio
695 4223 840 4295 dtettorprat
858 4241 875 4280 o
978 4221 1046 4292 ipeis
1064 4221 1092 4276 Ζ
1198 4235 1267 4289 quae
1284 4235 1335 4275 om.
1353 4237 1371 4276 u
1478 4219 1513 4273 21
1530 4233 1592 4273 oon·

448 4309 571 4380 testatio]
591 4311 765 4365 eommutatio
784 4308 811 4364 Ζ
911 4309 1015 4364 curioso
1033 4307 1217 4364 consideretur
1235 4307 1260 4358 Ζ
