4012 5056
497 1097 679 1210 VITA
717 1097 1049 1208 undeinn
1085 1096 1449 1210 CYPRIANI

672 1301 800 1387 (Pontio
823 1301 948 1368 diacono
970 1303 1067 1386 uulgo
1088 1301 1271 1386 adscripta).

376 1494 393 1556 l·
464 1450 650 1572 Cyprianus
679 1486 846 1572 religiosus
874 1488 1004 1554 antistes
1026 1506 1063 1554 ac
1084 1487 1176 1554 testis
1197 1489 1257 1554 Dei
1285 1489 1449 1574 gloriosus,
1479 1491 1541 1560 etsi

402 1587 507 1655 multa
527 1589 720 1672 comoripsit,
741 1607 797 1673 per
817 1607 895 1671 quae
916 1589 1068 1655 memoria
1087 1590 1175 1676 digni
1193 1591 1329 1657 nominis
1344 1593 1540 1677 superuiuat,

408 1688 469 1756 etsi
491 1689 690 1773 eloquentiae
704 1690 772 1756 eius
787 1709 823 1757 ac
837 1689 896 1756 Dei
911 1691 1035 1775 gratiae
1048 1691 1140 1777 larga
1154 1690 1329 1758 fecunditas
1344 1693 1392 1759 ita
1405 1711 1438 1777 se
1453 1696 1563 1778 copias

403 1791 436 1857 et
450 1791 596 1858 ubertate
615 1793 769 1860 sermonis
790 1791 937 1871 extendit,
958 1794 996 1859 ut
1010 1811 1108 1876 usque
1122 1793 1157 1858 in
1172 1793 1266 1860 finem
1281 1794 1392 1861 mundi
1408 1795 1542 1863 fortasse

403 1911 465 1960 non
490 1895 609 1960 taceat:
636 1896 744 1961 tamen
768 1897 843 1979 quia
867 1895 1011 1979 operibus
1036 1897 1104 1963 eius
1130 1915 1166 1963 ac
1191 1897 1316 1963 meritis
1342 1897 1439 1962 etiam
1465 1896 1543 1964 haec

343 2029 346 2035 ·
402 1997 624 2081 praerogatiua
645 1995 785 2078 debetur,
806 1998 927 2082 placuit
941 1998 1127 2064 summatim
1140 2016 1241 2081 penca
1255 1999 1459 2079 conscribere,
1479 2017 1542 2066 non

404 2116 465 2182 quo
492 2099 632 2182 aliquem
658 2100 710 2165 uel
736 2099 905 2183 gentilium
930 2099 1029 2165 lateat
1054 2099 1136 2166 tanti
1162 2099 1225 2166 uiri
1252 2101 1329 2179 uita,
1361 2101 1416 2166 sed
1442 2101 1479 2166 ut
1501 2101 1543 2167 ad

404 2201 545 2284 posteros
561 2218 683 2284 quoque
697 2203 820 2268 nostros
835 2200 1078 2284 incomparabile
1092 2203 1126 2268 et
1141 2201 1259 2288 grande
1273 2201 1496 2269 documentum
1507 2203 1542 2269 in
1551 2227 1578 2267 so

404 2303 619 2368 immortalem
634 2303 819 2369 memoriam
833 2303 1010 2386 porrigatur
1024 2307 1053 2366 et
1066 2304 1104 2368 ut
1114 2303 1155 2368 ad
1171 2303 1347 2386 exemplum
1362 2304 1412 2368 sui
1427 2302 1544 2372 litteris

404 2403 592 2488 dirigantur.
613 2405 698 2470 certe
719 2405 834 2470 durum
854 2405 930 2484 erat,
952 2406 990 2470 ut
1003 2423 1077 2471 cum
1096 2405 1233 2472 maiores
1247 2405 1347 2472 nostri
1361 2405 1494 2488 plebeiis
1509 2408 1542 2472 et

404 2507 615 2573 catecumenis
636 2507 826 2590 martyrium
849 2507 1021 2574 consecutis
1041 2509 1169 2573 tantum
1183 2508 1311 2586 honoris
1325 2527 1382 2591 pro
1396 2508 1545 2592 martyrii

405 2607 506 2691 ipsius
521 2609 721 2675 ueneratione
738 2609 917 2689 tribuerint,
933 2610 970 2675 ut
984 2608 1023 2675 de
1036 2609 1233 2692 passionibus
1247 2627 1355 2675 sorum
1370 2610 1474 2675 multa
1488 2609 1546 2674 aut

406 2709 547 2792 utprope
561 2710 695 2776 dixerim
707 2729 806 2794 paene
817 2713 929 2778 cuncta
935 2711 1183 2796 conscripserint,
1195 2711 1544 2794 utiqueutsdnostram
1555 2740 1581 2779 rs

406 2827 530 2895 qnoque
549 2811 698 2877 notitiam
720 2811 775 2894 qui
794 2812 932 2878 nondum
948 2811 1016 2877 nati
1031 2811 1152 2879 inimus
1165 2813 1377 2895 peruenirent,
1398 2810 1546 2897 Cypriani

459 3031 564 3102 Incipit
576 3031 661 3089 escili
673 3031 804 3104 Cypriani
822 3033 939 3088 antestis
956 3033 1000 3089 dei
1012 3033 1044 3098 T,
1064 3033 1168 3104 Incipit
1181 3033 1215 3090 de
1226 3034 1288 3088 uita
1299 3031 1393 3103 Oecilij
1412 3033 1549 3088 antistitis

406 3117 536 3187 cypriani
548 3123 560 3172 t
572 3119 648 3185 (mem
664 3117 751 3172 roden
763 3123 775 3172 t
786 3133 849 3174 cum
861 3117 972 3173 Troade
989 3119 1144 3187 descriptus
1161 3125 1202 3174 est
1213 3119 1316 3190 abique
1326 3118 1388 3184 sere
1399 3119 1548 3188 conspiret,

404 3203 476 3273 ciple
488 3202 574 3258 Tbos
591 3202 783 3272 emptorem
799 3203 930 3259 iecticm
946 3203 1069 3273 melleos·
1087 3203 1189 3273 selei),
1207 3203 1305 3259 Bneuis
1316 3202 1464 3272 descriptio
1475 3204 1550 3258 nitas

405 3287 560 3344 beatissimi
581 3289 610 3342 et
630 3286 782 3342 doctissimi
803 3286 925 3358 ilipriani
945 3287 1063 3359 episcopi
1082 3290 1111 3344 et
1131 3288 1255 3344 martiris
1274 3305 1308 3352 su,
1333 3287 1437 3358 Incipit
1459 3287 1550 3358 passio

405 3372 560 3430 beatissimi
573 3371 703 3442 Cypriani
714 3374 842 3441 martyris
854 3393 883 3443 μ.
896 3403 928 3414 -
941 3374 958 3428 3
970 3375 1086 3428 antestis
1100 3375 1145 3436 ΤΒ
1157 3373 1332 3441 ιιιιιιιὶιοιμ
1427 3371 1477 3427 dec
1492 3373 1519 3428 T

407 3459 506 3524 etsiT,
518 3459 632 3512 tametsi
644 3473 709 3528 supe
733 3498 737 3507 .
809 3457 1053 3528 dmnlts]mu1ats
1067 3457 1094 3512 Τ
1189 3473 1259 3528 qnae
1271 3473 1306 3512 ea
1318 3473 1372 3526 qna
1388 3454 1414 3506 T
1508 3458 1552 3510 sni

406 3543 573 3614 digneminis
586 3561 607 3612 μ
618 3541 667 3597 sed
679 3542 723 3596 sui
734 3557 756 3598 s.
770 3542 787 3597 l.
799 3546 867 3597 set
935 3541 1091 3612 superbibat
1104 3542 1140 3597 T·
1215 3542 1370 3613 bgrstiap
1443 3539 1551 3597 8debe·

407 3628 463 3700 tur]
476 3627 597 3683 delectat
608 3627 823 3697 sopsbinserbu
835 3627 851 3682 ι
865 3631 899 3682 11
912 3629 999 3682 ιιι...
1012 3627 1168 3698 dirigantur
1184 3629 1287 3684 inserit
1298 3643 1362 3698 sepo
1458 3625 1550 3696 tque]

408 3712 509 3783 quode
600 3713 767 3782 uelorum
861 3699 1227 3784 tantiectmcore.pm.2
1320 3711 1517 3781 lOinosasep

409 3797 443 3853 11
456 3799 485 3852 et
496 3797 600 3852 addidi
689 3796 725 3852 ad
736 3811 788 3852 om.
799 3813 863 3868 repe
948 3797 992 3851 sui
1007 3796 1061 3866 lle,
1073 3813 1152 3852 suurn
1163 3813 1207 3853 soc
1294 3795 1322 3850 in
1334 3795 1444 3850 litteras
1455 3811 1518 3866 sepo

410 3874 1059 3954 12dirigmtm'd',drrigatmp,dlgeraturuc
1213 3881 1303 3951 plebis
1316 3880 1381 3951 ην,
1394 3879 1469 3950 plebi
1481 3880 1516 3951 μ’

353 4033 357 4039 ,
409 3968 443 4024 18
455 3967 632 4024 catecuminis
645 3967 716 4038 Tpso
819 3967 964 4022 martirum
974 3984 1021 4038 sep
1119 3969 1279 4023 comecutus
1290 3983 1316 4021 so
1414 3964 1550 4036 martyrii]

409 4046 485 4136 marii
500 4078 533 4145 Τ,
546 4077 674 4133 marinae
777 4077 810 4132 14
821 4078 875 4148 ipsi
886 4094 919 4141 se,
932 4063 989 4147 ipm
1001 4093 1026 4132 sc
1128 4077 1277 4132 tribuerint
1287 4077 1398 4147 scs-ipsi,
1410 4075 1553 4132 debuerint

411 4167 514 4238 ruem,
526 4165 651 4222 dederint
662 4165 717 4222 T’c
849 4165 907 4236 ant]
922 4167 971 4220 snt
982 4179 1063 4236 prope
1075 4166 1124 4220 ant
1134 4169 1168 4234 μ’
1302 4164 1337 4218 15
1347 4166 1380 4220 nt
1391 4179 1473 4234 prope
1485 4169 1551 4233 sup,

242 4291 248 4306 r
409 4267 491 4324 prope
504 4251 545 4308 To
649 4249 839 4320 conscripserit
853 4252 889 4307 T*
992 4251 1087 4321 utique
1098 4266 1179 4306 osse
1283 4248 1318 4304 16
1329 4263 1481 4318 quaeqnep
