4000 5066
756 419 803 472 De
820 416 950 493 Pasoha
969 420 1148 487 oonrputus
1167 433 1188 470 c.
1209 417 1285 470 1-5.
1523 418 1586 484 251

450 581 512 640 tus
544 577 611 638 Dei
644 577 956 654 superferebatur
989 594 1099 654 super
1135 593 1260 652 aquas.
1283 577 1319 636 et
1346 575 1447 637 dixit
1474 574 1586 636 Deus:

449 681 523 741 fiat
550 680 628 741 lux.
663 682 699 740 ot
729 680 909 741 feoteest
937 682 1006 740 lux.
1045 683 1081 740 ot
1112 680 1211 740 uidit
1241 680 1337 740 Deus
1359 679 1589 753 lucemquia

448 783 544 844 bona
573 784 639 843 est.
675 785 711 842 et
739 780 876 841 diuisit
897 781 993 843 Deus
1026 783 1127 841 inter
1158 782 1278 842 luoem
1308 782 1467 842 etinter
1488 783 1586 840 teno-

449 886 544 944 bras.
568 887 604 944 et
625 883 781 944 nouauit
803 883 901 944 Deus
922 884 1037 944 lucem
1060 885 1154 944 diem
1176 888 1213 944 et
1236 885 1414 943 tenebras
1436 884 1588 943 uocauit

429 987 603 1052 suootom.
639 987 677 1046 ot
698 984 801 1046 faeta
823 987 881 1045 est
901 1003 1060 1060 uespera
1083 988 1119 1046 et
1141 985 1280 1046 factum
1304 988 1361 1045 est
1382 1001 1484 1045 mane
1507 984 1587 1044 dies

448 1105 551 1149 nnus.
574 1086 725 1148 referendo
751 1086 842 1162 igitur
865 1089 896 1148 et
916 1087 1088 1149 insinuando
1116 1088 1201 1148 uobis
1216 1090 1317 1149 saneta
1332 1088 1477 1162 scriptura
1490 1087 1585 1161 ipsum

448 1191 603 1253 Dominum
618 1189 754 1251 diuisisse
769 1190 846 1250 inter
860 1190 953 1251 tueem
968 1194 999 1250 et
1013 1191 1160 1262 tenebras,
1186 1191 1216 1251 id
1232 1193 1277 1250 ost
1292 1191 1368 1250 inter
1383 1190 1459 1250 diem
1473 1192 1504 1249 ot
1517 1206 1587 1250 noo-

448 1295 508 1352 tem
535 1293 685 1353 euidenter
711 1291 839 1352 ostendit
863 1293 940 1352 huno
965 1309 1029 1353 osse
1053 1293 1177 1366 primum
1200 1291 1275 1352 diem
1298 1295 1329 1351 et
1343 1295 1510 1366 sequentem
1525 1293 1589 1350 eius

449 1399 572 1468 noctem,
599 1396 775 1469 intorques
802 1395 927 1455 omnium
954 1397 1057 1456 artifex
1085 1396 1247 1471 aequaliter
1273 1397 1327 1457 hoc
1347 1398 1392 1456 est
1406 1395 1586 1470 irreprehen-

416 1521 441 1560 ιο
450 1497 576 1558 sibiliter
591 1497 702 1557 diuisit.

491 1600 547 1670 Qui
574 1616 651 1659 nuno
676 1600 925 1674 comprehenditur
950 1616 1012 1660 osse
1027 1599 1102 1660 VIII
1118 1599 1158 1660 kl.
1174 1601 1281 1674 April„
1297 1618 1315 1660 a
1336 1616 1392 1674 quo
1407 1600 1453 1659 die
1468 1593 1616 1673 eompu·4

448 1703 544 1760 tontes
571 1700 665 1776 aliqui
679 1717 715 1761 ex
737 1700 821 1761 nobis
843 1702 893 1776 qui
907 1701 1019 1776 priores
1046 1701 1201 1762 uoluerunt
1227 1703 1304 1761 huno
1330 1717 1456 1760 mensem
1481 1717 1587 1760 nouum

448 1805 599 1863 ostendere
614 1806 645 1862 et
659 1804 722 1878 ipso
737 1803 826 1864 XIIII
839 1803 911 1864 luna
924 1804 1044 1865 inuenta
1067 1803 1130 1864 dies
1146 1803 1279 1864 Paschae
1294 1803 1450 1863 seeundum
1465 1803 1587 1862 Iudaeos

447 1906 663 1978 demonstrare,
685 1904 820 1966 dirorumt
843 1905 963 1966 eundem
986 1921 1114 1966 mensem
1134 1906 1171 1965 ab
1191 1905 1232 1965 io.
1254 1903 1354 1965 Martii
1369 1903 1496 1976 incipere
1511 1905 1542 1962 ot
1556 1904 1588 1962 in

414 2004 525 2068 redium
541 2005 582 2065 io.
605 2005 700 2081 April.
724 2023 931 2080 consummare,
960 2008 990 2067 et
1011 2007 1054 2067 sio
1077 2005 1268 2082 impegerunt.
1291 2021 1324 2065 ao
1338 2007 1492 2080 propterea
1506 2003 1586 2078 ipsos

449 2107 510 2168 dies
530 2106 609 2165 XXX
624 2108 756 2181 quamuis
770 2113 849 2169 reete
869 2108 1023 2168 dtuisorint
1038 2108 1068 2166 in
1084 2109 1125 2166 xl
1139 2111 1170 2167 et
1185 2107 1311 2178 XVIIII,
1327 2106 1461 2168 undecim
1474 2105 1588 2188 seilicet

447 2208 477 2266 in
499 2209 642 2269 communi
663 2226 737 2270 anno
763 2212 919 2272 retrorsum
946 2212 1143 2284 eomputantes
1163 2212 1195 2270 et
1215 2209 1253 2270 ad
1278 2209 1343 2268 irtus
1358 2209 1458 2268 Martii
1480 2225 1583 2282 perue-

446 2311 569 2391 niuntss,
591 2312 689 2373 deoem
703 2315 734 2372 st
748 2328 852 2374 nouem
865 2314 897 2372 iu
911 2313 1034 2386 priorem
1050 2311 1132 2371 illurn
1147 2329 1253 2372 annum
1268 2329 1325 2387 quo
1340 2311 1524 2372 ombohsmus
1540 2311 1585 2369 in·

447 2414 538 2474 currit
567 2413 757 2473 immittentes
784 2416 813 2473 et
842 2416 992 2488 usquead
1021 2416 1088 2475 idus
1114 2414 1208 2488 April.
1243 2413 1444 2475 deuenientee:
1480 2413 1511 2471 in
1532 2412 1587 2472 hoo

412 2517 632 2587 memmerunt,
654 2517 688 2575 ut
708 2515 785 2588 diri,
806 2532 869 2575 cum
890 2531 957 2575 uere
978 2516 1101 2589 primum
1128 2515 1204 2576 dium
1230 2515 1297 2575 noui
1324 2512 1432 2574 mensis
1458 2530 1586 2587 oompru·

448 2618 574 2677 bendere
597 2632 655 2675 non
680 2619 845 2690 potuerunt.
879 2634 952 2691 queo
978 2635 1024 2678 res
1050 2617 1093 2678 sio
1118 2618 1202 2680 modo
1228 2633 1296 2678 uere
1322 2619 1438 2677 ostensa
1467 2616 1584 2676 demon·

449 2720 603 2791 strabitur,
618 2735 684 2778 eum
706 2719 736 2778 in
756 2719 821 2794 ipso
845 2719 946 2792 pinaoo
960 2736 979 2779 a
993 2719 1076 2780 nobis
1091 2718 1249 2794 composito
1263 2717 1363 2778 nullus
1376 2733 1468 2777 annus
1483 2717 1585 2778 tallere

448 2819 622 2881 inuenietur.

490 2921 629 2984 Volentes
650 2922 742 3000 igitur
762 2926 840 2987 huno
860 2940 987 2984 mensem
1002 2941 1071 2984 uero
1086 2923 1247 2996 ostendere,
1265 2921 1342 2982 unte
1358 2919 1479 2996 incipiet
1492 2922 1522 2980 ot
1537 2915 1618 2980 ubi5

412 3025 547 3098 aufiniut,
573 3029 753 3087 reuertamur
777 3031 814 3088 ed
831 3027 978 3100 Genesim,
1006 3043 1079 3100 quus
1102 3025 1203 3086 retulit
1229 3025 1312 3084 nobis
1326 3024 1422 3098 ipsum
1436 3020 1586 3082 Dominum

318 3166 324 3177 -
448 3126 583 3187 dimisisse
605 3126 682 3188 iuter
702 3129 825 3203 primum
847 3128 922 3189 diem
938 3129 967 3188 et
981 3127 1104 3202 primum
1119 3129 1241 3186 noctem.
1264 3127 1340 3185 uude
1355 3124 1585 3199 'recognoscimus

447 3233 478 3288 et
499 3231 575 3290 iuter
601 3233 758 3290 seeundum
779 3234 809 3292 et
829 3231 905 3291 iuter
931 3230 1049 3291 tortium
1070 3230 1146 3290 diem
1161 3231 1192 3290 et
1213 3231 1326 3288 nootem
1340 3227 1481 3288 nemnem
1497 3227 1584 3286 alium

518 3445 686 3512 laquemo
811 3443 1051 3514 rotinense
1171 3443 1327 3499 stulterum
1343 3443 1453 3499 uooanit
1470 3457 1554 3499 oruc

448 3527 588 3582 5feotum
606 3531 649 3584 est
667 3545 811 3600 uespereo
889 3529 1124 3586 Groferendumo
1198 3529 1286 3599 igitur
1303 3544 1388 3586 outo
1482 3529 1589 3582 'tiator

448 3612 609 3670 tenebrant
720 3615 949 3670 Sosteudimusb
1062 3619 1189 3684 sequente
1206 3616 1265 3672 eius
1282 3618 1393 3671 noctae
1497 3615 1588 3669 9om-

446 3699 534 3769 nium]
555 3701 633 3754 noete
650 3699 723 3756 inter
741 3715 808 3771 quos
826 3699 946 3756 omnium
965 3699 1125 3758 dirimerit
1143 3716 1158 3757 o
1309 3703 1343 3756 11
1361 3701 1409 3770 qui
1426 3715 1498 3756 nuno
1515 3702 1540 3766 b,
1558 3703 1587 3756 iu

447 3783 738 3851 nanceianum&
843 3786 921 3857 VIII]
939 3787 1011 3844 xlc
1114 3791 1277 3858 putantese
1369 3787 1404 3842 12
1421 3787 1554 3858 priorise

449 3869 483 3923 13
500 3871 775 3928 et...denouatrare
793 3889 878 3928 onte
987 3873 1022 3928 14
1036 3871 1164 3938 ‚dixerunt
1181 3873 1288 3930 animo
1394 3871 1456 3928 idus
1474 3872 1498 3938 b,
1517 3871 1588 3926 VIII

448 3953 486 4008 id.
505 3971 520 4010 c
670 3959 700 4012 in
717 3956 761 4013 die
779 3974 842 4012 uon.
861 3959 941 4028 april.
960 3974 974 4015 e
1123 3959 1158 4014 15
1176 3962 1205 4015 et
1222 3959 1262 4014 sio
1280 3959 1452 4030 impegerunt
1469 3972 1552 4014 ome

448 4039 592 4110 aelhaoe
763 4042 1155 4114 roxxmc,xxxgon.o
1329 4045 1588 4116 quamuis...1.25

447 4125 495 4180 ubi
514 4125 594 4182 finiat
611 4143 696 4185 ormo
823 4129 852 4184 iu
870 4128 911 4184 III
928 4132 957 4184 et
974 4127 999 4183 Χ
1017 4131 1045 4184 ot
1062 4129 1137 4187 lxo
1260 4130 1365 4187 scilieet
1382 4132 1411 4187 in
1432 4131 1479 4200 W,
1497 4130 1587 4186 retunt

447 4211 559 4350 grint
627 4213 760 4270 todeum
777 4215 939 4272 diuidissec
1017 4216 1340 4286 2iprimumotom.c
1392 4217 1529 4304 ¹(alterum
1546 4217 1588 4271 in-

508 4314 594 4353 unm
