4012 5066
766 410 811 465 Ad
840 411 1070 464 Nonetiennm
1097 425 1119 464 c.
1137 410 1215 464 2-3.
1513 417 1554 478 55

419 569 483 630 Noe
508 573 577 631 ente
604 569 744 630 diluuium
759 569 813 630 Dei
838 569 1021 643 prouidentia
1046 568 1187 629 febmceto
1207 571 1253 628 est
1272 584 1348 639 erce,
1377 568 1407 628 in
1427 584 1484 642 qne
1497 583 1555 628 non

420 675 535 732 tentum
554 674 661 732 munde
681 671 827 745 animalis,
853 673 904 732 secl
927 676 956 732 et
970 672 1118 744 inmunde,
1133 674 1168 730 nt
1181 671 1236 731 tibi
1256 671 1314 731 cito
1339 671 1555 745 respondeatur,

423 771 595 847 ilonetiene,
621 773 785 834 innenimns
813 789 877 835 esec
903 775 1026 834 recluso.
1050 791 1123 848 quse
1149 791 1217 834 erce
1240 773 1303 834 sole
1329 789 1393 833 cum
1412 773 1460 833 his
1482 790 1555 847 qnee

422 891 516 936 secem
542 875 656 936 luerent
681 875 805 936 liberate
825 877 872 936 est
898 875 929 934 in
949 892 1035 950 eque,
1053 879 1088 956 *et
1109 875 1196 936 ceteri
1217 873 1266 950 qni
1280 875 1310 937 in
1325 891 1359 936 ee
1373 874 1484 936 innenti
1498 891 1555 935 non

400 980 491 1038 esunt
513 978 623 1039 diluuio
648 977 806 1054 perierunt.
828 995 864 1039 ex
889 977 943 1038 ille
968 978 1059 1054 igitur
1083 995 1152 1039 erce
1175 978 1364 1039 remittuntur
1391 979 1464 1037 duee
1485 993 1555 1038 ones

422 1084 549 1140 coronet
572 1080 713 1142 columbe.
737 1081 787 1155 qni
808 1097 891 1142 corax
912 1097 982 1141 nere
1008 1081 1154 1141 hominnm
1170 1080 1371 1141 inmundorum
1385 1083 1415 1141 et
1428 1081 1459 1139 in
1472 1084 1554 1140 tene·

420 1181 482 1241 brie
507 1183 653 1258 perpetuis
677 1183 840 1244 interorum
865 1201 918 1258 per
943 1182 1050 1243 seecnli
1075 1182 1167 1242 letam
1194 1183 1273 1243 niem
1296 1185 1326 1241 et
1345 1181 1483 1242 mmnnde
1504 1197 1554 1241 ne·

420 1281 562 1344 soentium
591 1287 789 1360 apostotorum
809 1284 973 1346 interorum
999 1286 1030 1344 et
1053 1285 1090 1346 eei
1116 1284 1265 1348 ecclesiam
1290 1301 1322 1346 ee
1349 1282 1472 1358 emplius
1497 1299 1555 1344 non

420 1385 595 1445 ammutium
605 1387 726 1460 figurem
736 1387 879 1460 portebet,
895 1403 980 1460 qnem
995 1387 1073 1447 sicul
1096 1386 1225 1461 legentes
1244 1385 1406 1447 incenimus
1420 1385 1555 1446 emissum

386 1506 411 1546 rc
420 1488 450 1546 et
464 1502 521 1546 non
544 1485 667 1562 emplius
690 1503 847 1548 reuersum.
870 1487 939 1547 huic
953 1503 1023 1562 ergo
1038 1487 1087 1547 eni
1102 1489 1132 1547 ie
1147 1491 1193 1548 eet
1206 1487 1342 1548 inmundo
1357 1486 1474 1560 spiritui
1488 1485 1554 1561 qui·

420 1605 476 1664 qne
490 1588 600 1649 inerint
614 1589 722 1650 similes
737 1589 850 1650 inuenti
865 1591 903 1650 en
917 1589 1068 1650 ecclesiam
1078 1591 1202 1664 emplius
1214 1589 1321 1650 reuerti
1331 1606 1388 1650 non
1403 1591 1554 1663 poterunt:

420 1690 515 1764 quiet
530 1689 555 1750 si
576 1690 729 1764 noluerint,
755 1691 894 1751 Dominus
917 1691 1082 1765 prohibebit
1101 1691 1152 1765 qui
1173 1692 1266 1767 lloysi
1280 1692 1426 1766 proecepit
1440 1690 1553 1750 dicens:

418 1808 518 1852 omne
550 1791 691 1852 nerium
725 1795 761 1852 et
793 1793 1002 1852 inmundum
1035 1792 1112 1852 eice
1145 1793 1247 1852 forne
1280 1795 1388 1852 exire
1420 1793 1553 1851 cestre.

418 1892 578 1954 mlumenm
593 1895 689 1954 eutem
704 1894 837 1954 emissem
853 1895 884 1952 in
899 1894 1058 1953 continenti
1074 1893 1254 1968 significetur
1269 1911 1414 1954 reuersem
1430 1911 1462 1953 eo
1477 1895 1552 1967 quod

386 2013 410 2051 ιι
419 1995 546 2068 requiem
560 2012 618 2054 non
632 1995 753 2054 heberet
766 1995 889 2068 pedibus
903 1996 979 2054 suis:
994 2013 1081 2068 quem
1094 1995 1156 2054 Noe
1170 1993 1279 2068 recepit
1293 1995 1324 2053 in
1335 2011 1430 2054 arcem
1444 1995 1474 2053 et
1488 1997 1555 2067 post

418 2096 573 2170 septimum
587 2096 662 2156 diem
677 2097 782 2156 itereto
797 2097 930 2157 emissem
946 2097 1055 2171 recepit
1070 2113 1133 2156 enm
1152 2098 1314 2170 portantem
1329 2113 1381 2156 sno
1396 2112 1444 2156 ore
1459 2093 1554 2156 olinae

418 2195 528 2257 lolium.

462 2297 501 2356 lit
515 2315 569 2373 ego
589 2299 713 2373 quidem,
740 2300 847 2360 fratres
867 2300 1058 2373 dilectissimi,
1084 2316 1141 2360 non
1162 2303 1269 2361 monere
1283 2299 1343 2360 iste
1356 2300 1487 2374 cogitens
1502 2299 1583 2360 nece

418 2399 546 2458 humone
571 2399 714 2473 sapientia
739 2401 924 2475 conspirans,
956 2402 1009 2460 see
1034 2404 1068 2460 ut
1093 2401 1211 2461 coelesti
1241 2401 1357 2461 Domini
1387 2401 1554 2476 dignatione

383 2499 577 2560 mnecemem
591 2503 621 2560 el
635 2500 813 2574 pertinenter
831 2501 978 2562 mentibus
991 2502 1101 2564 nostis
1115 2503 1263 2579 concipere
1281 2502 1468 2576 permittitur,
1491 2501 1553 2562 dioc

418 2599 500 2660 illem
514 2601 544 2660 id
565 2605 612 2660 eet
637 2601 797 2662 columbam
824 2604 968 2677 duplicem
992 2603 1076 2664 nobis
1102 2621 1153 2678 per
1168 2606 1260 2664 semet
1282 2605 1373 2676 ipsem
1389 2604 1553 2678 significare

416 2699 547 2776 ligurem.
571 2703 693 2776 primam
718 2703 882 2779 quidemst
906 2705 1096 2779 principalem
1124 2721 1205 2764 mem
1219 2706 1273 2765 hoc
1287 2709 1333 2765 est
1359 2705 1550 2779 minolon..

416 2803 486 2863 olim
500 2805 530 2864 id
545 2807 591 2864 est
605 2806 642 2864 eb
656 2805 741 2865 initio
757 2805 872 2866 diuinae
887 2807 1147 2868 coministretionis
1161 2806 1281 2878 insistit,
1297 2811 1328 2866 et
1341 2809 1552 2868 sacromentum

415 2905 609 2981 bsptismatis,
625 2909 701 2979 qnod
712 2907 743 2966 in
754 2907 879 2968 celetem
890 2911 1005 2982 generis
1015 2909 1132 2968 lumeni
1147 2909 1294 2982 prouisum
1308 2909 1338 2968 et
1349 2907 1404 2968 scii
1415 2907 1553 2968 ecclesiae

380 3005 536 3067 incoelesti
561 3008 673 3068 rationo
700 3007 845 3068 celebrere
872 3009 1071 3083 mirerere,
1099 3025 1150 3084 per
1176 3026 1209 3070 os
1234 3026 1317 3069 enum
1347 3007 1551 3082 prceostendit.

415 3110 461 3168 ter
475 3107 551 3168 enim
565 3108 670 3170 emisse
684 3126 801 3171 exerce
819 3111 947 3171 uolitens
961 3127 1013 3184 per
1032 3125 1128 3171 eorem
1142 3127 1230 3186 snper
1246 3127 1351 3184 equom
1370 3109 1553 3184 significabat

414 3209 471 3268 iem
501 3211 571 3269 tnnc
593 3211 729 3270 ecclesiae
756 3213 872 3272 noemae
899 3214 1088 3272 sacramente.
1112 3213 1186 3272 unde
1206 3215 1236 3271 ct
1259 3211 1396 3270 Dominus
1418 3209 1550 3272 Christus

518 3405 551 3461 13
568 3407 650 3460 Num.
669 3406 695 3471 5,
712 3407 738 3461 2.

482 3598 596 3669 aquen]
614 3599 662 3667 qni
680 3599 714 3654 Κ
778 3602 797 3654 4
814 3616 886 3670 eque
902 3603 933 3656 et
949 3604 1063 3671 eclipsi,
1081 3618 1134 3672 qne
1151 3605 1179 3659 et
1197 3605 1244 3659 Kc
1311 3608 1399 3659 cetere
1416 3619 1518 3673 qneec

412 3683 526 3738 incente
542 3700 559 3737 c
654 3684 671 3738 ‘1
689 3683 772 3755 ninm]
791 3685 877 3740 uitem
896 3685 929 3740 K
1023 3688 1175 3758 emplius
1194 3688 1284 3756 KEr,
1301 3689 1407 3746 ultien
1498 3705 1551 3746 non

413 3767 446 3822 Κ
455 3781 476 3820 e.
488 3769 507 3821 l.
519 3784 554 3822 m.
567 3773 586 3821 2
684 3769 701 3824 9
712 3771 785 3824 sicut
797 3771 829 3824 K
839 3771 900 3834 Er..
912 3787 963 3826 osec
980 3789 1010 3835 e;
1022 3773 1122 3828 siccum
1135 3774 1269 3845 legentem
1280 3775 1434 3830 innenimns
1448 3776 1516 3841 sort.

413 3851 448 3907 10
463 3867 518 3907 non
536 3853 570 3908 K
576 3869 591 3907 e
612 3853 709 3907 tm
839 3857 872 3910 11
890 3859 1033 3926 pot-erunt
1050 3858 1084 3913 Κ
1210 3859 1244 3913 13
1260 3859 1332 3914 iores
1350 3876 1386 3915 em
1403 3859 1469 3914 ioris
1486 3860 1519 3914 Κ

412 3937 447 3992 14
462 3937 587 3994 columbe
598 3955 622 3993 e„
635 3942 908 3996 emisse-reuersae
1012 3943 1045 3998 16
1063 3943 1191 4000 itemtore
1208 3943 1317 4000 minem
1337 3945 1370 4000 K
1464 3945 1550 4001 1811-

411 4036 482 4078 mere
500 4023 542 4078 ΚΙ
657 4027 694 4110 ¹9.
706 4026 823 4080 humone
841 4026 875 4081 K
982 4029 1017 4082 20
1034 4027 1102 4099 dico]
1121 4029 1182 4085 <lico
1200 4033 1290 4085 entem
1310 4030 1343 4085 Κ
1442 4030 1479 4084 22
1494 4031 1551 4101 pri·

410 4109 534 4162 man
649 4110 1256 4182 epeleK:puceceeemurcorropeceene
1369 4114 1551 4170 llcccleeiee

411 4192 559 4248 cetholicee
573 4195 606 4248 Κ
690 4195 727 4249 25
743 4197 903 4264 permissum
916 4197 1016 4252 adame
1103 4198 1138 4252 26
1150 4199 1280 4268 premisse
1292 4199 1324 4252 K
1426 4202 1550 4267 seperst-

409 4293 467 4332 cem
486 4279 528 4333 K¹
