<?xml version="1.0" encoding="UTF-8"?>
<!DOCTYPE html PUBLIC "-//W3C//DTD XHTML 1.0 Transitional//EN"
    "http://www.w3.org/TR/xhtml1/DTD/xhtml1-transitional.dtd">
<html xmlns="http://www.w3.org/1999/xhtml" xml:lang="en" lang="en">
 <head>
  <title>
</title>
<meta http-equiv="Content-Type" content="text/html;charset=utf-8" />
  <meta name='ocr-system' content='tesseract 3.04.00' />
  <meta name='ocr-capabilities' content='ocr_page ocr_carea ocr_par ocr_line ocrx_word'/>
</head>
<body>
  <div class='ocr_page' id='page_1' title='image "./sthascicaecilic02cyprgoog_0084.png"; bbox 0 0 4014 5056; ppageno 0'>
   <div class='ocr_carea' id='block_1_1' title="bbox 1442 436 1557 484">
    <p class='ocr_par' dir='ltr' id='par_1_1' title="bbox 1442 436 1557 484">
     <span class='ocr_line' id='line_1_1' title="bbox 1442 436 1557 484; baseline 0 0"><span class='ocrx_word' id='word_1_1' title='bbox 1442 436 1557 484; x_wconf 78' lang='lat' dir='ltr'>nxxm</span> 
     </span>
    </p>
   </div>
   <div class='ocr_carea' id='block_1_2' title="bbox 414 567 1719 4407">
    <p class='ocr_par' dir='ltr' id='par_1_2' title="bbox 414 567 1719 4407">
     <span class='ocr_line' id='line_1_2' title="bbox 416 567 1557 656; baseline 0.002 -20"><span class='ocrx_word' id='word_1_2' title='bbox 416 568 605 656; x_wconf 76' lang='lat' dir='ltr'>dipeieeimi</span> <span class='ocrx_word' id='word_1_3' title='bbox 616 567 694 636; x_wconf 76' lang='lat' dir='ltr'>labri</span> <span class='ocrx_word' id='word_1_4' title='bbox 707 573 736 636; x_wconf 87' lang='lat' dir='ltr'>et</span> <span class='ocrx_word' id='word_1_5' title='bbox 750 567 887 653; x_wconf 78' lang='grc'>22222222.</span> <span class='ocrx_word' id='word_1_6' title='bbox 910 571 1058 638; x_wconf 83' lang='lat' dir='ltr'>secuntur</span> <span class='ocrx_word' id='word_1_7' title='bbox 1078 570 1189 638; x_wconf 85' lang='lat' dir='ltr'>deinde</span> <span class='ocrx_word' id='word_1_8' title='bbox 1208 570 1313 640; x_wconf 80' lang='lat' dir='ltr'>libelli</span> <span class='ocrx_word' id='word_1_9' title='bbox 1328 571 1356 638; x_wconf 93' lang='lat'>1.</span> <span class='ocrx_word' id='word_1_10' title='bbox 1371 569 1412 639; x_wconf 85' lang='lat' dir='ltr'>X.</span> <span class='ocrx_word' id='word_1_11' title='bbox 1426 571 1484 639; x_wconf 87' lang='lat' dir='ltr'>XI.</span> <span class='ocrx_word' id='word_1_12' title='bbox 1499 570 1557 638; x_wconf 87' lang='lat' dir='ltr'>IX.</span> 
     </span>
     <span class='ocr_line' id='line_1_3' title="bbox 417 679 1558 764; baseline -0.001 -17"><span class='ocrx_word' id='word_1_13' title='bbox 417 679 510 747; x_wconf 84' lang='lat' dir='ltr'><strong>XIII</strong></span> <span class='ocrx_word' id='word_1_14' title='bbox 524 680 599 747; x_wconf 82' lang='grc' dir='ltr'>ΧΠ.</span> <span class='ocrx_word' id='word_1_15' title='bbox 617 681 706 748; x_wconf 83' lang='lat' dir='ltr'><strong>VIII.</strong></span> <span class='ocrx_word' id='word_1_16' title='bbox 721 679 779 761; x_wconf 86' lang='lat' dir='ltr'>IV,</span> <span class='ocrx_word' id='word_1_17' title='bbox 800 681 1000 764; x_wconf 74' lang='lat' dir='ltr'>epicureos,</span> <span class='ocrx_word' id='word_1_18' title='bbox 1020 680 1122 748; x_wconf 84' lang='lat' dir='ltr'>libelli</span> <span class='ocrx_word' id='word_1_19' title='bbox 1139 681 1176 747; x_wconf 86' lang='lat' dir='ltr'>V.</span> <span class='ocrx_word' id='word_1_20' title='bbox 1193 680 1248 746; x_wconf 88' lang='lat' dir='ltr'>VI.</span> <span class='ocrx_word' id='word_1_21' title='bbox 1265 683 1398 760; x_wconf 87' lang='lat' dir='ltr'>v11.11‚</span> <span class='ocrx_word' id='word_1_22' title='bbox 1420 682 1473 749; x_wconf 84' lang='lat' dir='ltr'>De</span> <span class='ocrx_word' id='word_1_23' title='bbox 1490 683 1558 748; x_wconf 85' lang='grc'>2222-</span> 
     </span>
     <span class='ocr_line' id='line_1_4' title="bbox 414 788 1557 875; baseline 0.002 -18"><span class='ocrx_word' id='word_1_24' title='bbox 414 789 593 875; x_wconf 70' lang='grc'>9222222222</span> <span class='ocrx_word' id='word_1_25' title='bbox 606 789 801 872; x_wconf 71' lang='lat' dir='ltr'>eiecimus,</span> <span class='ocrx_word' id='word_1_26' title='bbox 816 788 1035 856; x_wconf 73' lang='grc'>1222222222222</span> <span class='ocrx_word' id='word_1_27' title='bbox 1043 789 1258 858; x_wconf 72' lang='grc'>8222228222</span> <span class='ocrx_word' id='word_1_28' title='bbox 1268 793 1425 859; x_wconf 80' lang='grc'>2222222222</span> <span class='ocrx_word' id='word_1_29' title='bbox 1434 793 1557 875; x_wconf 82' lang='grc'>12222222,</span> 
     </span>
     <span class='ocr_line' id='line_1_5' title="bbox 421 900 1560 990; baseline 0.004 -24"><span class='ocrx_word' id='word_1_30' title='bbox 421 900 476 966; x_wconf 75' lang='lat' dir='ltr'>Aa</span> <span class='ocrx_word' id='word_1_31' title='bbox 490 900 717 967; x_wconf 78' lang='lat' dir='ltr'>Nooalienom</span> <span class='ocrx_word' id='word_1_32' title='bbox 731 900 769 967; x_wconf 82' lang='lat' dir='ltr'>de</span> <span class='ocrx_word' id='word_1_33' title='bbox 784 901 931 968; x_wconf 71' lang='grc'>02222222</span> <span class='ocrx_word' id='word_1_34' title='bbox 943 907 973 967; x_wconf 85' lang='lat' dir='ltr'>et</span> <span class='ocrx_word' id='word_1_35' title='bbox 988 901 1115 968; x_wconf 81' lang='lat' dir='ltr'>Nouato</span> <span class='ocrx_word' id='word_1_36' title='bbox 1129 902 1185 990; x_wconf 92' lang='lat'>(=</span> <span class='ocrx_word' id='word_1_37' title='bbox 1201 905 1291 984; x_wconf 90' lang='lat' dir='ltr'>epist.</span> <span class='ocrx_word' id='word_1_38' title='bbox 1307 904 1376 990; x_wconf 78' lang='lat'><strong>55),</strong></span> <span class='ocrx_word' id='word_1_39' title='bbox 1392 904 1448 971; x_wconf 81' lang='lat' dir='ltr'>Ad</span> <span class='ocrx_word' id='word_1_40' title='bbox 1463 905 1560 970; x_wconf 73' lang='lat' dir='ltr'>Tibe·</span> 
     </span>
     <span class='ocr_line' id='line_1_6' title="bbox 420 1011 1560 1099; baseline 0.004 -23"><span class='ocrx_word' id='word_1_41' title='bbox 420 1011 545 1077; x_wconf 80' lang='grc'>2222222</span> <span class='ocrx_word' id='word_1_42' title='bbox 566 1013 760 1077; x_wconf 76' lang='grc'>2222222222</span> <span class='ocrx_word' id='word_1_43' title='bbox 780 1015 835 1096; x_wconf 90' lang='lat'>(=</span> <span class='ocrx_word' id='word_1_44' title='bbox 850 1013 942 1097; x_wconf 85' lang='lat' dir='ltr'>eplet.</span> <span class='ocrx_word' id='word_1_45' title='bbox 958 1013 1027 1099; x_wconf 80' lang='grc'>58),</span> <span class='ocrx_word' id='word_1_46' title='bbox 1053 1012 1109 1078; x_wconf 78' lang='lat' dir='ltr'>Ad</span> <span class='ocrx_word' id='word_1_47' title='bbox 1123 1011 1288 1096; x_wconf 74' lang='grc'>21222222</span> <span class='ocrx_word' id='word_1_48' title='bbox 1309 1013 1347 1080; x_wconf 83' lang='lat' dir='ltr'>de</span> <span class='ocrx_word' id='word_1_49' title='bbox 1369 1013 1422 1080; x_wconf 83' lang='lat' dir='ltr'>bis</span> <span class='ocrx_word' id='word_1_50' title='bbox 1443 1015 1501 1098; x_wconf 74' lang='lat' dir='ltr'>pei</span> <span class='ocrx_word' id='word_1_51' title='bbox 1520 1015 1560 1080; x_wconf 82' lang='grc'>22</span> 
     </span>
     <span class='ocr_line' id='line_1_7' title="bbox 418 1121 1559 1212; baseline 0.006 -24"><span class='ocrx_word' id='word_1_52' title='bbox 418 1121 495 1188; x_wconf 84' lang='lat' dir='ltr'>lecto</span> <span class='ocrx_word' id='word_1_53' title='bbox 520 1127 727 1190; x_wconf 72' lang='grc'>2222222222</span> <span class='ocrx_word' id='word_1_54' title='bbox 753 1125 839 1209; x_wconf 90' lang='lat' dir='ltr'>(inde</span> <span class='ocrx_word' id='word_1_55' title='bbox 861 1122 1075 1200; x_wconf 69' lang='grc'>2022222222</span> <span class='ocrx_word' id='word_1_56' title='bbox 1095 1151 1136 1183; x_wconf 89' lang='grc'>--</span> <span class='ocrx_word' id='word_1_57' title='bbox 1158 1125 1259 1192; x_wconf 84' lang='lat' dir='ltr'>ultera</span> <span class='ocrx_word' id='word_1_58' title='bbox 1283 1145 1357 1209; x_wconf 85' lang='lat' dir='ltr'>pers</span> <span class='ocrx_word' id='word_1_59' title='bbox 1381 1128 1474 1211; x_wconf 86' lang='lat' dir='ltr'>epist.</span> <span class='ocrx_word' id='word_1_60' title='bbox 1490 1126 1559 1212; x_wconf 87' lang='grc'>69),</span> 
     </span>
     <span class='ocr_line' id='line_1_8' title="bbox 421 1231 1559 1322; baseline 0.005 -24"><span class='ocrx_word' id='word_1_61' title='bbox 421 1233 478 1298; x_wconf 81' lang='lat' dir='ltr'>Ad</span> <span class='ocrx_word' id='word_1_62' title='bbox 502 1231 682 1310; x_wconf 77' lang='grc'>(2222222222</span> <span class='ocrx_word' id='word_1_63' title='bbox 712 1235 783 1321; x_wconf 90' lang='lat' dir='ltr'>(lib.</span> <span class='ocrx_word' id='word_1_64' title='bbox 806 1234 833 1302; x_wconf 94' lang='lat'>1.</span> <span class='ocrx_word' id='word_1_65' title='bbox 860 1239 893 1302; x_wconf 90' lang='lat' dir='ltr'>et</span> <span class='ocrx_word' id='word_1_66' title='bbox 914 1233 984 1322; x_wconf 84' lang='grc' dir='ltr'>Π).</span> <span class='ocrx_word' id='word_1_67' title='bbox 1013 1234 1145 1302; x_wconf 87' lang='lat' dir='ltr'>alterius</span> <span class='ocrx_word' id='word_1_68' title='bbox 1173 1236 1275 1319; x_wconf 85' lang='lat' dir='ltr'>pertis</span> <span class='ocrx_word' id='word_1_69' title='bbox 1303 1236 1467 1322; x_wconf 88' lang='lat' dir='ltr'>inscriptio</span> <span class='ocrx_word' id='word_1_70' title='bbox 1493 1240 1559 1304; x_wconf 86' lang='lat' dir='ltr'>est:</span> 
     </span>
     <span class='ocr_line' id='line_1_9' title="bbox 422 1327 1562 1430; baseline 0.003 -20"><span class='ocrx_word' id='word_1_71' title='bbox 422 1345 592 1427; x_wconf 64' lang='grc'>122222</span> <span class='ocrx_word' id='word_1_72' title='bbox 606 1345 858 1430; x_wconf 69' lang='grc'>2222222222</span> <span class='ocrx_word' id='word_1_73' title='bbox 869 1345 1024 1430; x_wconf 59' lang='lat' dir='ltr'>espect·</span> <span class='ocrx_word' id='word_1_74' title='bbox 1033 1327 1357 1429; x_wconf 61' lang='grc'>2222222222</span> <span class='ocrx_word' id='word_1_75' title='bbox 1376 1348 1562 1430; x_wconf 61' lang='lat' dir='ltr'>capesce</span> 
     </span>
     <span class='ocr_line' id='line_1_10' title="bbox 422 1441 1562 1541; baseline 0.002 -20"><span class='ocrx_word' id='word_1_76' title='bbox 422 1441 1562 1541; x_wconf 61' lang='lat' dir='ltr'>emmammeeiaeomesumpaplepemaoeensessem</span> 
     </span>
     <span class='ocr_line' id='line_1_11' title="bbox 419 1564 1562 1650; baseline 0.003 -20"><span class='ocrx_word' id='word_1_77' title='bbox 419 1564 568 1648; x_wconf 71' lang='lat' dir='ltr'>feliciter.</span> <span class='ocrx_word' id='word_1_78' title='bbox 589 1566 738 1633; x_wconf 86' lang='lat' dir='ltr'>secuntur</span> <span class='ocrx_word' id='word_1_79' title='bbox 751 1565 906 1649; x_wconf 76' lang='lat' dir='ltr'>epistulae</span> <span class='ocrx_word' id='word_1_80' title='bbox 919 1565 1028 1631; x_wconf 91' lang='lat' dir='ltr'>eodem</span> <span class='ocrx_word' id='word_1_81' title='bbox 1043 1565 1150 1632; x_wconf 84' lang='lat' dir='ltr'>ordine</span> <span class='ocrx_word' id='word_1_82' title='bbox 1164 1566 1259 1649; x_wconf 87' lang='lat' dir='ltr'>atque</span> <span class='ocrx_word' id='word_1_83' title='bbox 1273 1567 1306 1632; x_wconf 90' lang='lat' dir='ltr'>iu</span> <span class='ocrx_word' id='word_1_84' title='bbox 1322 1567 1459 1633; x_wconf 79' lang='lat' dir='ltr'>editione</span> <span class='ocrx_word' id='word_1_85' title='bbox 1473 1567 1562 1650; x_wconf 89' lang='lat' dir='ltr'>priu-</span> 
     </span>
     <span class='ocr_line' id='line_1_12' title="bbox 424 1673 1563 1766; baseline 0.003 -25"><span class='ocrx_word' id='word_1_86' title='bbox 424 1675 501 1759; x_wconf 88' lang='lat' dir='ltr'>oipe,</span> <span class='ocrx_word' id='word_1_87' title='bbox 517 1675 580 1766; x_wconf 82' lang='lat' dir='ltr'>uisi</span> <span class='ocrx_word' id='word_1_88' title='bbox 595 1675 679 1760; x_wconf 92' lang='lat' dir='ltr'>quod</span> <span class='ocrx_word' id='word_1_89' title='bbox 693 1675 884 1759; x_wconf 84' lang='lat' dir='ltr'>epistula45</span> <span class='ocrx_word' id='word_1_90' title='bbox 895 1694 997 1742; x_wconf 86' lang='lat' dir='ltr'>errore</span> <span class='ocrx_word' id='word_1_91' title='bbox 1011 1677 1044 1742; x_wconf 88' lang='lat' dir='ltr'>et</span> <span class='ocrx_word' id='word_1_92' title='bbox 1058 1675 1092 1741; x_wconf 93' lang='lat' dir='ltr'>iu</span> <span class='ocrx_word' id='word_1_93' title='bbox 1106 1675 1166 1742; x_wconf 87' lang='lat' dir='ltr'>fine</span> <span class='ocrx_word' id='word_1_94' title='bbox 1178 1673 1343 1743; x_wconf 81' lang='lat' dir='ltr'>Rcuelotic</span> <span class='ocrx_word' id='word_1_95' title='bbox 1357 1677 1475 1759; x_wconf 77' lang='grc'>2222222</span> <span class='ocrx_word' id='word_1_96' title='bbox 1489 1695 1563 1744; x_wconf 89' lang='lat' dir='ltr'>oon·</span> 
     </span>
     <span class='ocr_line' id='line_1_13' title="bbox 423 1786 1560 1854; baseline 0.001 -1"><span class='ocrx_word' id='word_1_97' title='bbox 423 1787 508 1853; x_wconf 89' lang='lat' dir='ltr'>sullo</span> <span class='ocrx_word' id='word_1_98' title='bbox 522 1788 560 1852; x_wconf 86' lang='lat' dir='ltr'>ut</span> <span class='ocrx_word' id='word_1_99' title='bbox 575 1787 702 1853; x_wconf 88' lang='lat' dir='ltr'>uidetur</span> <span class='ocrx_word' id='word_1_100' title='bbox 722 1787 857 1852; x_wconf 85' lang='lat' dir='ltr'>omissae</span> <span class='ocrx_word' id='word_1_101' title='bbox 871 1787 954 1852; x_wconf 82' lang='lat' dir='ltr'>sunt</span> <span class='ocrx_word' id='word_1_102' title='bbox 974 1788 1079 1852; x_wconf 85' lang='lat' dir='ltr'>textus</span> <span class='ocrx_word' id='word_1_103' title='bbox 1092 1786 1216 1853; x_wconf 89' lang='lat' dir='ltr'>nnllam</span> <span class='ocrx_word' id='word_1_104' title='bbox 1230 1786 1295 1852; x_wconf 83' lang='lat' dir='ltr'>iere</span> <span class='ocrx_word' id='word_1_105' title='bbox 1310 1786 1560 1854; x_wconf 73' lang='lat' dir='ltr'>emendationem</span> 
     </span>
     <span class='ocr_line' id='line_1_14' title="bbox 426 1877 1563 1980; baseline 0.001 -17"><span class='ocrx_word' id='word_1_106' title='bbox 426 1899 571 1980; x_wconf 83' lang='lat' dir='ltr'>expertus</span> <span class='ocrx_word' id='word_1_107' title='bbox 586 1899 635 1963; x_wconf 89' lang='lat' dir='ltr'>est</span> <span class='ocrx_word' id='word_1_108' title='bbox 650 1897 706 1962; x_wconf 82' lang='lat' dir='ltr'>aut</span> <span class='ocrx_word' id='word_1_109' title='bbox 716 1897 744 1962; x_wconf 92' lang='lat' dir='ltr'>si</span> <span class='ocrx_word' id='word_1_110' title='bbox 756 1915 819 1980; x_wconf 91' lang='lat' dir='ltr'>qua</span> <span class='ocrx_word' id='word_1_111' title='bbox 834 1897 1041 1979; x_wconf 77' lang='lat' dir='ltr'>discrepantia</span> <span class='ocrx_word' id='word_1_112' title='bbox 1054 1877 1214 1964; x_wconf 90' lang='lat' dir='ltr'>inuenitur</span> <span class='ocrx_word' id='word_1_113' title='bbox 1227 1896 1312 1962; x_wconf 88' lang='lat' dir='ltr'>inter</span> <span class='ocrx_word' id='word_1_114' title='bbox 1326 1915 1395 1962; x_wconf 91' lang='lat' dir='ltr'>eam</span> <span class='ocrx_word' id='word_1_115' title='bbox 1407 1898 1563 1964; x_wconf 81' lang='grc'>22222222-</span> 
     </span>
     <span class='ocr_line' id='line_1_15' title="bbox 423 2007 1563 2093; baseline 0.002 -20"><span class='ocrx_word' id='word_1_116' title='bbox 423 2026 508 2086; x_wconf 88' lang='lat' dir='ltr'>nam,</span> <span class='ocrx_word' id='word_1_117' title='bbox 537 2007 725 2076; x_wconf 84' lang='lat' dir='ltr'>coniecturis</span> <span class='ocrx_word' id='word_1_118' title='bbox 754 2026 817 2075; x_wconf 91' lang='lat' dir='ltr'>non</span> <span class='ocrx_word' id='word_1_119' title='bbox 846 2007 1004 2076; x_wconf 83' lang='lat' dir='ltr'>codicibus</span> <span class='ocrx_word' id='word_1_120' title='bbox 1031 2009 1112 2076; x_wconf 87' lang='lat' dir='ltr'>hane</span> <span class='ocrx_word' id='word_1_121' title='bbox 1136 2008 1242 2074; x_wconf 85' lang='lat' dir='ltr'>deberi</span> <span class='ocrx_word' id='word_1_122' title='bbox 1268 2008 1341 2074; x_wconf 91' lang='lat' dir='ltr'>inde</span> <span class='ocrx_word' id='word_1_123' title='bbox 1366 2011 1455 2093; x_wconf 86' lang='lat' dir='ltr'>petet</span> <span class='ocrx_word' id='word_1_124' title='bbox 1480 2009 1563 2092; x_wconf 83' lang='lat' dir='ltr'>quod</span> 
     </span>
     <span class='ocr_line' id='line_1_16' title="bbox 425 2117 1564 2202; baseline 0.002 -20"><span class='ocrx_word' id='word_1_125' title='bbox 425 2135 463 2182; x_wconf 90' lang='lat' dir='ltr'>ue</span> <span class='ocrx_word' id='word_1_126' title='bbox 485 2135 548 2182; x_wconf 90' lang='lat' dir='ltr'>una</span> <span class='ocrx_word' id='word_1_127' title='bbox 569 2117 698 2200; x_wconf 90' lang='lat' dir='ltr'>quidem</span> <span class='ocrx_word' id='word_1_128' title='bbox 718 2117 902 2184; x_wconf 84' lang='lat' dir='ltr'>lacunarum</span> <span class='ocrx_word' id='word_1_129' title='bbox 925 2117 1038 2200; x_wconf 89' lang='lat' dir='ltr'>quibus</span> <span class='ocrx_word' id='word_1_130' title='bbox 1060 2117 1119 2184; x_wconf 89' lang='lat' dir='ltr'>ille</span> <span class='ocrx_word' id='word_1_131' title='bbox 1138 2117 1208 2183; x_wconf 78' lang='lat' dir='ltr'>hlat</span> <span class='ocrx_word' id='word_1_132' title='bbox 1227 2119 1374 2202; x_wconf 85' lang='lat' dir='ltr'>suppleta</span> <span class='ocrx_word' id='word_1_133' title='bbox 1397 2120 1454 2198; x_wconf 80' lang='lat' dir='ltr'>est,</span> <span class='ocrx_word' id='word_1_134' title='bbox 1481 2119 1564 2202; x_wconf 90' lang='lat' dir='ltr'>quod</span> 
     </span>
     <span class='ocr_line' id='line_1_17' title="bbox 426 2225 1563 2312; baseline 0.004 -21"><span class='ocrx_word' id='word_1_135' title='bbox 426 2225 558 2292; x_wconf 80' lang='grc'>22222222</span> <span class='ocrx_word' id='word_1_136' title='bbox 578 2226 632 2293; x_wconf 92' lang='lat' dir='ltr'>uel</span> <span class='ocrx_word' id='word_1_137' title='bbox 652 2225 814 2294; x_wconf 88' lang='lat' dir='ltr'>deterrimi</span> <span class='ocrx_word' id='word_1_138' title='bbox 834 2227 950 2294; x_wconf 86' lang='lat' dir='ltr'>codicis</span> <span class='ocrx_word' id='word_1_139' title='bbox 969 2225 1086 2294; x_wconf 86' lang='lat' dir='ltr'>auxilio</span> <span class='ocrx_word' id='word_1_140' title='bbox 1105 2228 1193 2293; x_wconf 92' lang='lat' dir='ltr'>nullo</span> <span class='ocrx_word' id='word_1_141' title='bbox 1207 2228 1335 2312; x_wconf 84' lang='lat' dir='ltr'>negotio</span> <span class='ocrx_word' id='word_1_142' title='bbox 1348 2229 1472 2311; x_wconf 87' lang='lat' dir='ltr'>poterat</span> <span class='ocrx_word' id='word_1_143' title='bbox 1486 2227 1563 2295; x_wconf 86' lang='lat' dir='ltr'>fieri.</span> 
     </span>
     <span class='ocr_line' id='line_1_18' title="bbox 424 2335 1563 2423; baseline 0.003 -22"><span class='ocrx_word' id='word_1_144' title='bbox 424 2335 558 2401; x_wconf 87' lang='lat' dir='ltr'>adhibui</span> <span class='ocrx_word' id='word_1_145' title='bbox 573 2335 732 2419; x_wconf 86' lang='lat' dir='ltr'>exemplar</span> <span class='ocrx_word' id='word_1_146' title='bbox 747 2336 831 2419; x_wconf 88' lang='lat' dir='ltr'>quod</span> <span class='ocrx_word' id='word_1_147' title='bbox 846 2339 894 2402; x_wconf 90' lang='lat' dir='ltr'>est</span> <span class='ocrx_word' id='word_1_148' title='bbox 908 2337 943 2402; x_wconf 94' lang='lat' dir='ltr'>iu</span> <span class='ocrx_word' id='word_1_149' title='bbox 957 2336 1149 2404; x_wconf 79' lang='lat' dir='ltr'>bibliotheca</span> <span class='ocrx_word' id='word_1_150' title='bbox 1165 2336 1398 2403; x_wconf 75' lang='lat' dir='ltr'>vindobonensi</span> <span class='ocrx_word' id='word_1_151' title='bbox 1413 2339 1495 2423; x_wconf 78' lang='lat' dir='ltr'>sign.</span> <span class='ocrx_word' id='word_1_152' title='bbox 1510 2341 1563 2406; x_wconf 79' lang='lat'>25.</span> 
     </span>
     <span class='ocr_line' id='line_1_19' title="bbox 427 2445 1687 2530; baseline 0 -18"><span class='ocrx_word' id='word_1_153' title='bbox 427 2445 461 2512; x_wconf 83' lang='lat' dir='ltr'>(l.</span> <span class='ocrx_word' id='word_1_154' title='bbox 477 2447 528 2512; x_wconf 85' lang='lat'>13.</span> <span class='ocrx_word' id='word_1_155' title='bbox 554 2445 655 2513; x_wconf 84' lang='lat' dir='ltr'>altera</span> <span class='ocrx_word' id='word_1_156' title='bbox 676 2445 775 2512; x_wconf 88' lang='lat' dir='ltr'>editio</span> <span class='ocrx_word' id='word_1_157' title='bbox 795 2463 821 2510; x_wconf 89' lang='lat' dir='ltr'>s.</span> <span class='ocrx_word' id='word_1_158' title='bbox 836 2445 858 2512; x_wconf 92' lang='lat' dir='ltr'>l.</span> <span class='ocrx_word' id='word_1_159' title='bbox 881 2448 914 2512; x_wconf 88' lang='lat' dir='ltr'>et</span> <span class='ocrx_word' id='word_1_160' title='bbox 929 2465 956 2513; x_wconf 85' lang='lat' dir='ltr'>e</span> <span class='ocrx_word' id='word_1_161' title='bbox 979 2447 1028 2512; x_wconf 90' lang='grc'>222</span> <span class='ocrx_word' id='word_1_162' title='bbox 1050 2465 1087 2512; x_wconf 91' lang='grc'>22</span> <span class='ocrx_word' id='word_1_163' title='bbox 1109 2463 1189 2529; x_wconf 87' lang='lat' dir='ltr'>quae</span> <span class='ocrx_word' id='word_1_164' title='bbox 1203 2445 1323 2513; x_wconf 86' lang='lat' dir='ltr'>Panner</span> <span class='ocrx_word' id='word_1_165' title='bbox 1344 2445 1379 2530; x_wconf 92' lang='lat' dir='ltr'>(l.</span> <span class='ocrx_word' id='word_1_166' title='bbox 1396 2465 1423 2515; x_wconf 87' lang='lat' dir='ltr'>e.</span> <span class='ocrx_word' id='word_1_167' title='bbox 1438 2447 1486 2513; x_wconf 88' lang='lat' dir='ltr'>IV</span> <span class='ocrx_word' id='word_1_168' title='bbox 1502 2448 1564 2515; x_wconf 83' lang='lat'>119</span> <span class='ocrx_word' id='word_1_169' title='bbox 1611 2468 1687 2512; x_wconf 77' lang='lat' dir='ltr'>sne·</span> 
     </span>
     <span class='ocr_line' id='line_1_20' title="bbox 425 2537 1719 2648; baseline 0.002 -26"><span class='ocrx_word' id='word_1_170' title='bbox 425 2575 456 2622; x_wconf 79' lang='lat' dir='ltr'>n.</span> <span class='ocrx_word' id='word_1_171' title='bbox 471 2555 552 2641; x_wconf 81' lang='grc'>422)</span> <span class='ocrx_word' id='word_1_172' title='bbox 576 2555 709 2622; x_wconf 74' lang='lat' dir='ltr'>cenam</span> <span class='ocrx_word' id='word_1_173' title='bbox 736 2555 772 2640; x_wconf 84' lang='lat'>(1.</span> <span class='ocrx_word' id='word_1_174' title='bbox 788 2575 814 2621; x_wconf 74' lang='grc'>2.</span> <span class='ocrx_word' id='word_1_175' title='bbox 831 2555 894 2633; x_wconf 77' lang='grc'>22</span> <span class='ocrx_word' id='word_1_176' title='bbox 917 2555 983 2621; x_wconf 85' lang='grc'>222</span> <span class='ocrx_word' id='word_1_177' title='bbox 1001 2576 1032 2622; x_wconf 82' lang='lat' dir='ltr'>n.</span> <span class='ocrx_word' id='word_1_178' title='bbox 1053 2556 1154 2638; x_wconf 78' lang='grc'>2224)</span> <span class='ocrx_word' id='word_1_179' title='bbox 1177 2557 1359 2622; x_wconf 66' lang='lat' dir='ltr'>aaronem</span> <span class='ocrx_word' id='word_1_180' title='bbox 1373 2537 1719 2648; x_wconf 56' lang='lat' dir='ltr'>pannonum*</span> 
     </span>
     <span class='ocr_line' id='line_1_21' title="bbox 426 2664 1565 2750; baseline 0.004 -20"><span class='ocrx_word' id='word_1_181' title='bbox 426 2665 510 2731; x_wconf 85' lang='lat' dir='ltr'>circo</span> <span class='ocrx_word' id='word_1_182' title='bbox 524 2685 642 2732; x_wconf 87' lang='lat' dir='ltr'>annum</span> <span class='ocrx_word' id='word_1_183' title='bbox 658 2667 742 2732; x_wconf 73' lang='lat'>1477</span> <span class='ocrx_word' id='word_1_184' title='bbox 758 2667 841 2749; x_wconf 85' lang='lat' dir='ltr'>opud</span> <span class='ocrx_word' id='word_1_185' title='bbox 854 2665 943 2730; x_wconf 87' lang='lat' dir='ltr'>Rioh.</span> <span class='ocrx_word' id='word_1_186' title='bbox 957 2664 1097 2731; x_wconf 84' lang='lat' dir='ltr'>Pallroet</span> <span class='ocrx_word' id='word_1_187' title='bbox 1110 2665 1239 2750; x_wconf 86' lang='lat' dir='ltr'>prodiit.</span> <span class='ocrx_word' id='word_1_188' title='bbox 1258 2666 1297 2732; x_wconf 92' lang='lat' dir='ltr'>de</span> <span class='ocrx_word' id='word_1_189' title='bbox 1312 2685 1349 2732; x_wconf 91' lang='lat' dir='ltr'>ea</span> <span class='ocrx_word' id='word_1_190' title='bbox 1362 2667 1458 2750; x_wconf 85' lang='lat' dir='ltr'>paulo</span> <span class='ocrx_word' id='word_1_191' title='bbox 1472 2687 1565 2734; x_wconf 87' lang='lat' dir='ltr'>aeon·</span> 
     </span>
     <span class='ocr_line' id='line_1_22' title="bbox 426 2774 1565 2865; baseline 0.002 -24"><span class='ocrx_word' id='word_1_192' title='bbox 426 2775 537 2855; x_wconf 78' lang='lat' dir='ltr'>ratius,</span> <span class='ocrx_word' id='word_1_193' title='bbox 552 2775 590 2839; x_wconf 89' lang='lat' dir='ltr'>ut</span> <span class='ocrx_word' id='word_1_194' title='bbox 600 2795 669 2841; x_wconf 83' lang='lat' dir='ltr'>eam</span> <span class='ocrx_word' id='word_1_195' title='bbox 680 2794 778 2841; x_wconf 83' lang='lat' dir='ltr'>manu</span> <span class='ocrx_word' id='word_1_196' title='bbox 792 2776 945 2841; x_wconf 80' lang='grc'>222222222</span> <span class='ocrx_word' id='word_1_197' title='bbox 958 2775 1114 2856; x_wconf 85' lang='lat' dir='ltr'>uideatur,</span> <span class='ocrx_word' id='word_1_198' title='bbox 1130 2774 1364 2842; x_wconf 72' lang='lat' dir='ltr'>schoenemann</span> <span class='ocrx_word' id='word_1_199' title='bbox 1379 2778 1449 2862; x_wconf 79' lang='lat' dir='ltr'>egit</span> <span class='ocrx_word' id='word_1_200' title='bbox 1460 2775 1565 2865; x_wconf 74' lang='lat' dir='ltr'>(Brbl</span> 
     </span>
     <span class='ocr_line' id='line_1_23' title="bbox 423 2884 1567 2970; baseline 0.004 -20.014"><span class='ocrx_word' id='word_1_201' title='bbox 423 2884 889 2970; x_wconf 69' lang='grc'>22222222222222221109)</span> <span class='ocrx_word' id='word_1_202' title='bbox 911 2886 966 2952; x_wconf 90' lang='lat' dir='ltr'>sed</span> <span class='ocrx_word' id='word_1_203' title='bbox 984 2885 1088 2951; x_wconf 87' lang='lat' dir='ltr'>nescio</span> <span class='ocrx_word' id='word_1_204' title='bbox 1109 2905 1170 2969; x_wconf 87' lang='lat' dir='ltr'>quo</span> <span class='ocrx_word' id='word_1_205' title='bbox 1191 2903 1265 2952; x_wconf 84' lang='lat' dir='ltr'>cusu</span> <span class='ocrx_word' id='word_1_206' title='bbox 1285 2886 1406 2954; x_wconf 78' lang='lat' dir='ltr'>leolum</span> <span class='ocrx_word' id='word_1_207' title='bbox 1420 2889 1463 2953; x_wconf 90' lang='grc'>222</span> <span class='ocrx_word' id='word_1_208' title='bbox 1477 2888 1515 2953; x_wconf 88' lang='lat' dir='ltr'>nt</span> <span class='ocrx_word' id='word_1_209' title='bbox 1529 2885 1567 2954; x_wconf 92' lang='lat' dir='ltr'>de</span> 
     </span>
     <span class='ocr_line' id='line_1_24' title="bbox 428 2996 1569 3081; baseline -0.001 -17"><span class='ocrx_word' id='word_1_210' title='bbox 428 2996 696 3064; x_wconf 80' lang='lat' dir='ltr'>accessionibus</span> <span class='ocrx_word' id='word_1_211' title='bbox 669 3016 737 3064; x_wconf 83' lang='lat' dir='ltr'>erus</span> <span class='ocrx_word' id='word_1_212' title='bbox 751 2997 844 3081; x_wconf 82' lang='lat' dir='ltr'>longe</span> <span class='ocrx_word' id='word_1_213' title='bbox 858 2997 1055 3080; x_wconf 78' lang='lat' dir='ltr'>grauissimis</span> <span class='ocrx_word' id='word_1_214' title='bbox 1066 2997 1147 3062; x_wconf 87' lang='lat' dir='ltr'>nihil</span> <span class='ocrx_word' id='word_1_215' title='bbox 1158 2998 1322 3081; x_wconf 82' lang='lat' dir='ltr'>proferret.</span> <span class='ocrx_word' id='word_1_216' title='bbox 1338 2997 1452 3080; x_wconf 88' lang='lat' dir='ltr'>incipit</span> <span class='ocrx_word' id='word_1_217' title='bbox 1464 3016 1569 3063; x_wconf 88' lang='lat' dir='ltr'>nerea</span> 
     </span>
     <span class='ocr_line' id='line_1_25' title="bbox 430 3105 1568 3188; baseline 0.001 -17"><span class='ocrx_word' id='word_1_218' title='bbox 430 3105 556 3172; x_wconf 78' lang='lat' dir='ltr'>Tabula</span> <span class='ocrx_word' id='word_1_219' title='bbox 574 3107 786 3172; x_wconf 79' lang='grc'>222222222222</span> <span class='ocrx_word' id='word_1_220' title='bbox 806 3105 1012 3188; x_wconf 69' lang='grc'>2222222222</span> <span class='ocrx_word' id='word_1_221' title='bbox 1031 3106 1162 3171; x_wconf 82' lang='lat' dir='ltr'>boeti</span> <span class='ocrx_word' id='word_1_222' title='bbox 1132 3108 1277 3188; x_wconf 72' lang='grc'>22222222·</span> <span class='ocrx_word' id='word_1_223' title='bbox 1296 3107 1445 3171; x_wconf 68' lang='lat' dir='ltr'>martiris</span> <span class='ocrx_word' id='word_1_224' title='bbox 1460 3125 1568 3172; x_wconf 82' lang='grc'>222222-</span> 
     </span>
     <span class='ocr_line' id='line_1_26' title="bbox 427 3215 1565 3301; baseline -0.001 -17"><span class='ocrx_word' id='word_1_225' title='bbox 427 3215 506 3284; x_wconf 79' lang='grc'>2222</span> <span class='ocrx_word' id='word_1_226' title='bbox 525 3217 670 3282; x_wconf 75' lang='lat' dir='ltr'>ordiner</span> <span class='ocrx_word' id='word_1_227' title='bbox 689 3215 862 3298; x_wconf 79' lang='lat' dir='ltr'>alphabeti,</span> <span class='ocrx_word' id='word_1_228' title='bbox 884 3235 977 3300; x_wconf 88' lang='lat' dir='ltr'>quem</span> <span class='ocrx_word' id='word_1_229' title='bbox 997 3235 1101 3284; x_wconf 91' lang='lat' dir='ltr'>rerum</span> <span class='ocrx_word' id='word_1_230' title='bbox 1123 3217 1260 3285; x_wconf 86' lang='lat' dir='ltr'>iudicem</span> <span class='ocrx_word' id='word_1_231' title='bbox 1280 3217 1423 3301; x_wconf 88' lang='lat' dir='ltr'>sequitur</span> <span class='ocrx_word' id='word_1_232' title='bbox 1439 3215 1565 3283; x_wconf 73' lang='grc'>222222</span> 
     </span>
     <span class='ocr_line' id='line_1_27' title="bbox 428 3327 1570 3394; baseline -0.002 0"><span class='ocrx_word' id='word_1_233' title='bbox 428 3331 644 3394; x_wconf 75' lang='grc'>2222222222</span> <span class='ocrx_word' id='word_1_234' title='bbox 666 3332 699 3392; x_wconf 86' lang='grc'>22</span> <span class='ocrx_word' id='word_1_235' title='bbox 721 3329 939 3394; x_wconf 86' lang='lat' dir='ltr'>testimonium</span> <span class='ocrx_word' id='word_1_236' title='bbox 953 3327 1009 3392; x_wconf 78' lang='lat' dir='ltr'>Ee</span> <span class='ocrx_word' id='word_1_237' title='bbox 1030 3327 1111 3392; x_wconf 71' lang='lat' dir='ltr'>libro</span> <span class='ocrx_word' id='word_1_238' title='bbox 1131 3327 1214 3393; x_wconf 84' lang='lat' dir='ltr'>beati</span> <span class='ocrx_word' id='word_1_239' title='bbox 1235 3329 1409 3394; x_wconf 75' lang='lat' dir='ltr'>iheronimi</span> <span class='ocrx_word' id='word_1_240' title='bbox 1425 3329 1464 3394; x_wconf 81' lang='lat' dir='ltr'>dc</span> <span class='ocrx_word' id='word_1_241' title='bbox 1483 3329 1570 3393; x_wconf 77' lang='lat' dir='ltr'>uiris</span> 
     </span>
     <span class='ocr_line' id='line_1_28' title="bbox 429 3437 1569 3521; baseline 0.002 -18"><span class='ocrx_word' id='word_1_242' title='bbox 429 3437 610 3504; x_wconf 71' lang='lat' dir='ltr'>illustribus</span> <span class='ocrx_word' id='word_1_243' title='bbox 630 3437 668 3504; x_wconf 83' lang='lat' dir='ltr'>de</span> <span class='ocrx_word' id='word_1_244' title='bbox 691 3437 778 3504; x_wconf 83' lang='lat' dir='ltr'>beato</span> <span class='ocrx_word' id='word_1_245' title='bbox 800 3437 958 3521; x_wconf 76' lang='lat' dir='ltr'>cipriane.</span> <span class='ocrx_word' id='word_1_246' title='bbox 985 3437 1095 3506; x_wconf 90' lang='lat' dir='ltr'>deiude</span> <span class='ocrx_word' id='word_1_247' title='bbox 1120 3437 1306 3505; x_wconf 84' lang='lat' dir='ltr'>exhibentur</span> <span class='ocrx_word' id='word_1_248' title='bbox 1328 3437 1437 3506; x_wconf 88' lang='lat' dir='ltr'>eodem</span> <span class='ocrx_word' id='word_1_249' title='bbox 1461 3439 1569 3507; x_wconf 91' lang='lat' dir='ltr'>ordine</span> 
     </span>
     <span class='ocr_line' id='line_1_29' title="bbox 430 3548 1569 3634; baseline 0.001 -19"><span class='ocrx_word' id='word_1_250' title='bbox 430 3551 526 3632; x_wconf 84' lang='lat' dir='ltr'>etque</span> <span class='ocrx_word' id='word_1_251' title='bbox 545 3548 682 3616; x_wconf 71' lang='lat' dir='ltr'>editiore</span> <span class='ocrx_word' id='word_1_252' title='bbox 696 3549 838 3616; x_wconf 86' lang='lat' dir='ltr'>Romane</span> <span class='ocrx_word' id='word_1_253' title='bbox 857 3549 982 3634; x_wconf 79' lang='lat' dir='ltr'>singule</span> <span class='ocrx_word' id='word_1_254' title='bbox 1001 3567 1093 3631; x_wconf 89' lang='lat' dir='ltr'>opera</span> <span class='ocrx_word' id='word_1_255' title='bbox 1114 3550 1242 3633; x_wconf 88' lang='lat' dir='ltr'>excepte</span> <span class='ocrx_word' id='word_1_256' title='bbox 1254 3551 1299 3616; x_wconf 87' lang='grc'>49</span> <span class='ocrx_word' id='word_1_257' title='bbox 1312 3549 1449 3633; x_wconf 90' lang='lat' dir='ltr'>epistula</span> <span class='ocrx_word' id='word_1_258' title='bbox 1462 3549 1569 3616; x_wconf 83' lang='lat' dir='ltr'>omnia</span> 
     </span>
     <span class='ocr_line' id='line_1_30' title="bbox 431 3658 1568 3744; baseline 0.001 -19"><span class='ocrx_word' id='word_1_259' title='bbox 431 3659 521 3725; x_wconf 91' lang='lat' dir='ltr'>nouis</span> <span class='ocrx_word' id='word_1_260' title='bbox 541 3658 650 3725; x_wconf 87' lang='lat' dir='ltr'>titulis</span> <span class='ocrx_word' id='word_1_261' title='bbox 670 3659 724 3725; x_wconf 92' lang='lat' dir='ltr'>uel</span> <span class='ocrx_word' id='word_1_262' title='bbox 742 3660 911 3725; x_wconf 87' lang='lat' dir='ltr'>titulorum</span> <span class='ocrx_word' id='word_1_263' title='bbox 931 3660 997 3726; x_wconf 88' lang='lat' dir='ltr'>loeo</span> <span class='ocrx_word' id='word_1_264' title='bbox 1018 3658 1167 3726; x_wconf 89' lang='lat' dir='ltr'>breuibus</span> <span class='ocrx_word' id='word_1_265' title='bbox 1187 3659 1382 3744; x_wconf 83' lang='lat' dir='ltr'>argumentis</span> <span class='ocrx_word' id='word_1_266' title='bbox 1403 3660 1568 3740; x_wconf 82' lang='lat' dir='ltr'>instructa,</span> 
     </span>
     <span class='ocr_line' id='line_1_31' title="bbox 432 3767 1570 3854; baseline 0.001 -21"><span class='ocrx_word' id='word_1_267' title='bbox 432 3767 523 3835; x_wconf 89' lang='lat' dir='ltr'>uelut</span> <span class='ocrx_word' id='word_1_268' title='bbox 542 3767 625 3836; x_wconf 90' lang='lat' dir='ltr'>liber</span> <span class='ocrx_word' id='word_1_269' title='bbox 643 3767 695 3836; x_wconf 83' lang='lat' dir='ltr'>De</span> <span class='ocrx_word' id='word_1_270' title='bbox 715 3768 944 3854; x_wconf 67' lang='lat' dir='ltr'>eicpeloiilm</span> <span class='ocrx_word' id='word_1_271' title='bbox 963 3769 1148 3835; x_wconf 76' lang='grc'>2222222222</span> <span class='ocrx_word' id='word_1_272' title='bbox 1167 3770 1213 3835; x_wconf 88' lang='grc'>222</span> <span class='ocrx_word' id='word_1_273' title='bbox 1232 3768 1433 3835; x_wconf 88' lang='lat' dir='ltr'>inscribitur:</span> <span class='ocrx_word' id='word_1_274' title='bbox 1464 3769 1570 3845; x_wconf 74' lang='grc'>02222</span> 
     </span>
     <span class='ocr_line' id='line_1_32' title="bbox 425 3878 1570 3962; baseline 0.001 -18"><span class='ocrx_word' id='word_1_275' title='bbox 425 3878 643 3959; x_wconf 70' lang='grc'>2222222222</span> <span class='ocrx_word' id='word_1_276' title='bbox 661 3879 704 3944; x_wconf 84' lang='lat' dir='ltr'>eit</span> <span class='ocrx_word' id='word_1_277' title='bbox 723 3880 810 3944; x_wconf 77' lang='lat' dir='ltr'>airis</span> <span class='ocrx_word' id='word_1_278' title='bbox 823 3884 851 3944; x_wconf 87' lang='grc'>22</span> <span class='ocrx_word' id='word_1_279' title='bbox 865 3881 1004 3944; x_wconf 79' lang='grc'>22222222</span> <span class='ocrx_word' id='word_1_280' title='bbox 1017 3879 1140 3946; x_wconf 65' lang='lat' dir='ltr'>corice</span> <span class='ocrx_word' id='word_1_281' title='bbox 1153 3880 1350 3945; x_wconf 71' lang='lat' dir='ltr'>muersalio</span> <span class='ocrx_word' id='word_1_282' title='bbox 1362 3879 1570 3962; x_wconf 69' lang='lat' dir='ltr'>feninorum.</span> 
     </span>
     <span class='ocr_line' id='line_1_33' title="bbox 432 3989 1570 4074; baseline -0.002 -17"><span class='ocrx_word' id='word_1_283' title='bbox 432 3991 504 4073; x_wconf 86' lang='lat' dir='ltr'>poet</span> <span class='ocrx_word' id='word_1_284' title='bbox 533 3989 625 4074; x_wconf 81' lang='lat' dir='ltr'>epist</span> <span class='ocrx_word' id='word_1_285' title='bbox 651 3989 697 4056; x_wconf 87' lang='lat'>40</span> <span class='ocrx_word' id='word_1_286' title='bbox 722 3989 745 4055; x_wconf 92' lang='lat' dir='ltr'>i.</span> <span class='ocrx_word' id='word_1_287' title='bbox 771 4009 797 4056; x_wconf 84' lang='grc'>2</span> <span class='ocrx_word' id='word_1_288' title='bbox 823 3989 993 4074; x_wconf 87' lang='lat' dir='ltr'>epistulam</span> <span class='ocrx_word' id='word_1_289' title='bbox 1022 3989 1168 4057; x_wconf 83' lang='lat' dir='ltr'>editionis</span> <span class='ocrx_word' id='word_1_290' title='bbox 1194 3989 1351 4056; x_wconf 84' lang='lat' dir='ltr'>Romanae</span> <span class='ocrx_word' id='word_1_291' title='bbox 1379 3991 1570 4074; x_wconf 85' lang='lat' dir='ltr'>postremam</span> 
     </span>
     <span class='ocr_line' id='line_1_34' title="bbox 432 4097 1572 4181; baseline -0.003 -14"><span class='ocrx_word' id='word_1_292' title='bbox 432 4099 613 4168; x_wconf 88' lang='lat' dir='ltr'>inseruntur</span> <span class='ocrx_word' id='word_1_293' title='bbox 632 4098 753 4167; x_wconf 85' lang='lat' dir='ltr'>inedita</span> <span class='ocrx_word' id='word_1_294' title='bbox 772 4101 866 4167; x_wconf 84' lang='lat' dir='ltr'>haee:</span> <span class='ocrx_word' id='word_1_295' title='bbox 888 4099 984 4168; x_wconf 75' lang='lat' dir='ltr'>Liber</span> <span class='ocrx_word' id='word_1_296' title='bbox 998 4099 1125 4167; x_wconf 86' lang='lat' dir='ltr'><strong>LXXI</strong></span> <span class='ocrx_word' id='word_1_297' title='bbox 1132 4101 1167 4168; x_wconf 83' lang='lat' dir='ltr'>V.</span> <span class='ocrx_word' id='word_1_298' title='bbox 1188 4098 1240 4167; x_wconf 83' lang='lat' dir='ltr'>De</span> <span class='ocrx_word' id='word_1_299' title='bbox 1259 4097 1480 4181; x_wconf 67' lang='lat' dir='ltr'>disciplima</span> <span class='ocrx_word' id='word_1_300' title='bbox 1494 4099 1572 4165; x_wconf 77' lang='lat' dir='ltr'>boec</span> 
     </span>
     <span class='ocr_line' id='line_1_35' title="bbox 427 4207 1634 4293; baseline -0.003 -15"><span class='ocrx_word' id='word_1_301' title='bbox 427 4211 597 4293; x_wconf 75' lang='grc'>2222222222,</span> <span class='ocrx_word' id='word_1_302' title='bbox 614 4211 710 4278; x_wconf 70' lang='lat' dir='ltr'>Liber</span> <span class='ocrx_word' id='word_1_303' title='bbox 721 4209 829 4277; x_wconf 75' lang='lat' dir='ltr'>Lxx</span> <span class='ocrx_word' id='word_1_304' title='bbox 835 4211 870 4278; x_wconf 87' lang='lat' dir='ltr'>V.</span> <span class='ocrx_word' id='word_1_305' title='bbox 884 4211 941 4277; x_wconf 77' lang='lat' dir='ltr'>Aoi</span> <span class='ocrx_word' id='word_1_306' title='bbox 952 4211 1176 4278; x_wconf 75' lang='lat' dir='ltr'>Nouotioaum</span> <span class='ocrx_word' id='word_1_307' title='bbox 1190 4211 1361 4278; x_wconf 79' lang='grc'>2222222222</span> <span class='ocrx_word' id='word_1_308' title='bbox 1375 4209 1459 4291; x_wconf 73' lang='lat' dir='ltr'>poco</span> <span class='ocrx_word' id='word_1_309' title='bbox 1469 4207 1572 4291; x_wconf 72' lang='lat' dir='ltr'>lapsis</span> <span class='ocrx_word' id='word_1_310' title='bbox 1630 4213 1634 4222; x_wconf 91' lang='grc'><strong>“</strong></span> 
     </span>
     <span class='ocr_line' id='line_1_36' title="bbox 431 4319 1571 4407; baseline -0.004 -20"><span class='ocrx_word' id='word_1_311' title='bbox 431 4339 503 4404; x_wconf 79' lang='lat' dir='ltr'>epea</span> <span class='ocrx_word' id='word_1_312' title='bbox 512 4322 605 4388; x_wconf 83' lang='grc'>22222</span> <span class='ocrx_word' id='word_1_313' title='bbox 614 4319 939 4406; x_wconf 62' lang='lat' dir='ltr'>conmmanit,</span> <span class='ocrx_word' id='word_1_314' title='bbox 954 4321 1412 4407; x_wconf 68' lang='lat' dir='ltr'>Semooelupoetinidesanelo</span> <span class='ocrx_word' id='word_1_315' title='bbox 1422 4320 1571 4401; x_wconf 72' lang='grc'>22222222</span> 
     </span>
    </p>
   </div>
   <div class='ocr_carea' id='block_1_3' title="bbox 0 0 2032 5056">
    <p class='ocr_par' dir='ltr' id='par_1_3' title="bbox 0 0 2032 5056">
     <span class='ocr_line' id='line_1_37' title="bbox 0 0 2032 5056; baseline 0 0"><span class='ocrx_word' id='word_1_316' title='bbox 0 0 2032 5056; x_wconf 95' lang='lat' dir='ltr'> </span> 
     </span>
    </p>
   </div>
  </div>
 </body>
</html>
