4012 5066
765 431 811 482 De
828 427 1082 497 rebaptismate
1105 445 1127 484 o.
1146 431 1257 487 16-18.
1538 439 1576 504 91

437 586 523 662 gulos
544 585 663 661 linguae
688 587 771 662 quasi
793 587 884 662 ignia,
908 589 942 648 ut
962 591 1108 648 constaret
1123 605 1173 650 eoa
1186 589 1292 664 spiritu
1306 593 1407 651 sancto
1422 592 1498 650 etin
1513 591 1580 667 igno

437 687 610 765 baptizatus,
636 691 691 750 hoc
710 693 756 750 ost
777 705 812 750 oo
831 690 939 766 spiritu
966 691 1016 764 qui
1042 692 1120 752 asset
1140 690 1203 752 sinc
1224 691 1302 766 ignis
1317 691 1379 753 sino
1394 693 1478 768 quasi
1492 693 1580 769 ignis,

439 790 534 866 qualis
556 789 634 867 ignia
656 791 714 852 fuit
738 791 788 874 qui
803 792 835 851 iu
849 793 921 854 rubo
936 793 1056 854 ardebat
1070 795 1101 852 at
1116 792 1220 854 rubum
1235 810 1291 854 non
1307 796 1493 856 comburebat
1506 812 1580 870 qua

439 892 534 969 lisque
549 897 595 954 cst
609 892 661 955 illa
684 893 762 968 ignis
776 895 827 969 qui
842 897 889 954 ast
903 895 1072 970 angelorum
1086 895 1218 970 spiritus,
1243 893 1319 956 sicut
1333 895 1477 970 scriptura
1491 897 1580 957 dicit:

418 995 504 1071 eqni
531 995 628 1056 iacit
656 996 812 1071 angelos
843 1013 930 1058 suos
954 998 1118 1071 spiritns
1140 1000 1177 1058 et
1197 997 1396 1060 ministros
1418 1015 1505 1059 suos
1527 997 1582 1073 ig·

438 1116 517 1160 nem
538 1100 738 1162 ardentem.
761 1100 807 1160 cui
829 1119 894 1162 cum
918 1101 1025 1162 similis
1046 1103 1099 1162 aut
1120 1101 1216 1162 socius
1239 1103 1290 1161 ant
1312 1101 1458 1176 particeps
1480 1099 1581 1176 inens,

438 1201 549 1275 poteris
563 1200 674 1261 nulium
690 1201 786 1277 ignem
802 1202 904 1262 timere
918 1219 972 1263 nec
986 1203 1070 1263 illnm
1081 1203 1197 1278 quidem
1212 1203 1262 1278 qui
1277 1205 1448 1264 antecedens
1459 1203 1581 1264 Domino

438 1303 471 1362 in
485 1301 532 1362 dic
547 1301 646 1364 iudicii
661 1303 851 1378 conflagrabit
865 1307 959 1366 totum
974 1306 1072 1365 orbem
1093 1307 1188 1365 terrm
1202 1305 1311 1378 absquo
1322 1303 1426 1380 eisqui
1437 1303 1578 1379 baptisati

439 1405 508 1464 sont
523 1404 554 1464 in
568 1405 674 1480 spiritu
688 1408 787 1466 sancto
801 1409 833 1466 ot
847 1406 920 1481 ignei.

404 1523 432 1566 ro
482 1506 523 1567 Et
541 1506 707 1569 bominibus
730 1507 846 1583 qnidam
871 1508 993 1583 spiritus
1014 1511 1182 1584 perseuerat
1202 1509 1287 1570 hodic
1311 1507 1477 1582 inuisibilis,
1503 1508 1580 1568 sicot
1591 1507 1631 1568 18

438 1610 578 1671 Dominus
607 1609 698 1670 dicit:
729 1609 893 1685 spiritns
916 1610 979 1671 nbi
1000 1610 1085 1671 uult
1112 1610 1253 1685 spiret,
1283 1613 1320 1672 ot
1341 1609 1465 1672 nescis
1488 1610 1582 1671 unda

438 1711 570 1772 ueniat
589 1712 648 1774 uel
668 1728 736 1785 quo
757 1711 879 1772 nudat.
903 1713 955 1772 sed
970 1711 1001 1773 in
1015 1711 1157 1787 principio
1168 1710 1299 1788 mysterii
1313 1709 1381 1773 fidei
1396 1714 1427 1774 ot
1439 1710 1583 1787 spiritalia
1685 1711 1688 1718 '

438 1813 624 1889 baptismatis
643 1814 694 1873 hio
715 1814 792 1874 idom
814 1814 937 1888 spiritns
952 1813 1107 1874 maniioste
1121 1812 1204 1873 uisus
1219 1815 1265 1872 ost
1278 1817 1310 1873 ot
1321 1830 1409 1888 super
1422 1814 1583 1888 discipulos

439 1914 583 1976 insodusu
605 1914 690 1990 quasi
705 1915 792 1990 ignia
814 1915 884 1975 itam
899 1915 988 1976 caelis
1003 1913 1115 1990 apertis
1130 1913 1313 1976 descendisse
1328 1931 1415 1990 super
1429 1915 1582 1976 Dominum

405 2035 431 2074 ra
441 2017 590 2079 columbae
616 2018 750 2090 similam,
774 2017 911 2090 qnoniam
925 2018 1063 2092 pleraque
1078 2017 1164 2077 immo
1180 2034 1270 2090 paone
1287 2016 1382 2078 omniu
1396 2033 1469 2091 quaa
1483 2019 1583 2076 meent

441 2118 541 2179 futura
566 2119 723 2188 manifesto
745 2121 829 2178 sunt:
841 2110 926 2191 ‘quae
952 2121 1049 2178 umen
1073 2121 1157 2179 modo
1178 2119 1276 2178 assant
1294 2116 1454 2178 inuisibilia
1475 2117 1583 2177 nihilo-

440 2221 546 2294 minus,
569 2237 644 2282 nunc
670 2235 783 2296 qnoque
798 2220 891 2281 oculis
906 2222 937 2279 at
952 2219 1150 2282 incredulitati
1164 2219 1311 2281 hominum
1325 2219 1373 2280 uel
1388 2237 1421 2281 er
1435 2221 1518 2294 parte
1533 2217 1582 2279 nel

440 2323 597 2400 aliquando
618 2325 667 2385 uel
688 2324 718 2383 in
741 2324 837 2399 figura
862 2327 932 2384 sunt
954 2325 1116 2385 monstrata
1130 2324 1167 2383 ad
1182 2323 1418 2385 corroborandam
1434 2325 1463 2384 et
1477 2321 1581 2383 conflr-

442 2425 576 2486 mandum
602 2426 690 2487 iidem
714 2428 853 2486 nostram.
888 2427 938 2486 sad
959 2442 1012 2488 noc
1033 2424 1114 2486 aliud
1137 2424 1282 2486 omiserim
1303 2425 1378 2500 quod
1401 2424 1582 2500 euangelium

403 2541 432 2582 eo
441 2527 544 2588 marito
559 2527 715 2602 praedicat.
738 2527 781 2587 ait
795 2527 872 2586 enim
887 2528 1046 2602 paralytico
1061 2527 1199 2586 Dominus
1213 2527 1328 2586 nostor:
1351 2526 1442 2586 bono
1464 2525 1582 2586 animo

440 2631 532 2701 esto,
554 2627 631 2700 fili,
652 2621 900 2689 'dimittuntur
920 2628 994 2687 tibi
1015 2630 1180 2707 peccata,
1202 2627 1482 2688 ntoatondarotflde
1497 2644 1582 2687 mun-

441 2730 506 2790 dari
519 2732 607 2790 corda
620 2731 658 2789 ad
671 2731 870 2791 remissionem
884 2731 1066 2805 peccatorum
1082 2730 1320 2810 consequendam.
1336 2747 1420 2804 quam
1435 2728 1583 2790 remissio·

439 2849 507 2894 nem
528 2834 712 2907 peccatorum
732 2833 888 2893 consecuto
909 2831 1060 2892 autetiam
1075 2829 1129 2890 illu
1142 2847 1216 2904 quaa
1239 2835 1304 2892 crat
1319 2829 1422 2890 mulier
1436 2830 1583 2905 peccatrix

442 2934 473 2995 iu
498 2933 617 2996 ciuitate
625 2977 634 3008 ,
660 2932 707 2994 cui
731 2931 873 2994 Dominus
899 2931 959 2993 ait:
991 2931 1238 2993 dimittuntur
1266 2931 1339 2992 tibi
1366 2935 1527 3006 peccata
1552 2935 1583 2993 et

403 3051 432 3094 aa
441 3053 507 3097 cum
518 3035 677 3110 coepissent
688 3034 738 3109 qui
749 3032 837 3094 simul
852 3033 1071 3093 discumbebant
1085 3034 1160 3107 apud
1176 3035 1268 3094 semet
1278 3033 1358 3108 ipsos
1372 3034 1485 3095 dicam:
1500 3033 1583 3108 quia

440 3141 498 3200 ost
519 3137 580 3199 hic
601 3137 663 3212 qui
684 3138 838 3211 peccata
860 3135 1047 3196 dimittit?
1071 3135 1146 3210 quod
1162 3135 1284 3197 ctcirca
1297 3134 1487 3212 paralyticum
1501 3149 1585 3196 acer·

439 3239 507 3300 bins
532 3237 645 3299 scribae
669 3238 700 3299 et
722 3236 873 3298 Pharisaei
899 3237 1199 3298 obmurmurauerant:
1226 3237 1269 3297 ait
1290 3237 1328 3296 ad
1347 3236 1496 3296 mulierem
1522 3235 1582 3296 Do·

440 3340 552 3402 minos:
575 3339 674 3400 fidas
696 3341 759 3399 tua
779 3342 815 3399 te
837 3338 979 3398 calnam
1001 3339 1106 3412 fecit,
1128 3339 1218 3400 uado
1241 3337 1278 3398 in
1299 3354 1398 3412 pace.
1422 3355 1456 3397 ex
1478 3335 1583 3411 quibos

440 3441 584 3503 minarais
599 3439 762 3502 ostenditur
776 3440 832 3501 fldc
847 3440 998 3501 emundari
1012 3443 1110 3514 corda,
1135 3441 1242 3515 spiritu
1256 3443 1353 3501 autam
1367 3438 1446 3499 ablui
1461 3439 1583 3498 mimae.

403 3562 526 3620 soporro
548 3547 645 3605 auum
660 3559 712 3620 par
726 3559 831 3619 aquam
846 3541 941 3604 lauari
957 3559 1085 3618 corpora,
1112 3543 1252 3618 sanguine
1266 3559 1378 3617 quoquo
1392 3539 1582 3602 festinantius

441 3647 586 3723 perueniri
600 3663 652 3722 por
666 3643 864 3721 compendium
880 3645 918 3703 ad
933 3644 1040 3705 salutis
1055 3643 1193 3720 praemia.

511 3863 590 3933 bi’a.
609 3863 668 3932 103,
685 3863 713 3919 4.
827 3861 1009 3926 1110.a‚8.
1122 3859 1363 3928 iobiattlum.
1465 3859 1584 3918 25an

442 3949 578 4018 i,48sq.

511 4129 613 4188 [eiecit
634 4131 697 4204 Rip.
827 4132 861 4186 19
878 4129 967 4200 alind]
984 4129 1055 4186 illud
1072 4083 1300 4203 (11.1(
1315 4133 1399 4190 etiam
1416 4149 1468 4190 oro.
1484 4132 1548 4205 iiio.

440 4219 478 4274 110
499 4217 604 4274 1(πωί
624 4217 690 4290 Rip.
884 4213 919 4269 ³1
941 4215 977 4270 ad
999 4215 1098 4270 munte
1121 4216 1241 4286 praemia
1264 4220 1330 4287 puto
1354 4234 1414 4275 eon
1435 4219 1584 4290 distiapait

442 4305 583 4361 Μαίη
