4012 5066
803 427 978 480 Aduersus
998 408 1139 480 lfidnees
1163 441 1185 480 a
1205 430 1229 481 1.

633 885 768 983 Vitii.
808 883 1105 984 ADVERSVS
1136 883 1395 984 IVDAEOS.

918 1115 1107 1127 ...υ-ιιι...

486 1317 649 1397 Antonine
671 1353 786 1395 sensnm
808 1339 839 1396 et
859 1336 1088 1411 intellegentiam
1102 1341 1230 1398 nestram
1252 1339 1282 1398 in
1299 1339 1406 1413 spiritu
1420 1343 1529 1413 saneto,
1553 1343 1614 1402 ntl

388 1481 391 1486 -
443 1457 500 1500 nen
515 1442 629 1498 tantum
644 1438 763 1499 anribns
778 1437 915 1515 audiatis,
930 1442 982 1500 sed
998 1441 1084 1500 etiam
1096 1441 1188 1501 oeulis
1200 1442 1325 1502 cernatis
1337 1442 1467 1503 diuinum
1479 1443 1586 1504 Christi

443 1544 664 1602 sacramentum.
703 1541 820 1601 cernitis
855 1544 952 1601 autem
982 1559 1033 1616 per
1070 1542 1154 1602 fidem
1191 1547 1337 1604 nestram:
1376 1544 1475 1604 andire
1510 1547 1586 1605 enim

423 1643 628 1705 eneaessitatis
643 1646 697 1716 eet,
715 1642 1061 1705 eredere‘sellieitudinis.
1084 1645 1197 1704 amium
1213 1645 1339 1706 officinm
1356 1649 1403 1706 est
1417 1646 1586 1708 indifferen-

443 1749 489 1806 ter
514 1747 625 1820 pariter
651 1763 726 1806 uana
743 1745 844 1820 'adque
859 1744 946 1804 utilia
961 1745 1134 1820 perspicere,
1160 1746 1228 1807 iidni
1243 1749 1340 1808 antem
1362 1765 1420 1808 nen
1441 1747 1497 1809 nisi
1513 1765 1586 1823 qnae

443 1849 611 1921 probauerit
636 1849 760 1908 credere.
785 1865 838 1907 nee
864 1847 941 1906 enim
964 1850 1097 1922 cuiqnam
1127 1850 1247 1923 prodent
1261 1849 1388 1910 libenter
1403 1851 1512 1923 audire,
1528 1851 1584 1910 nisi

443 1949 600 2011 credulitas
625 1951 757 2009 anditum
783 1949 942 2010 eeniirmet.
982 1949 1049 2008 fidei
1075 1951 1152 2010 eerrli
1178 1953 1249 2010 sunt
1277 1951 1400 2026 spiritns
1424 1969 1477 2026 per
1502 1968 1585 2026 qnem

447 2053 583 2114 uidentur
609 2052 764 2125 spiritalia.
787 2052 897 2126 sier-go
912 2069 966 2111 nea
982 2052 1055 2112 estis
1071 2052 1228 2126 spiritales,
1256 2053 1421 2127 intellegite
1437 2054 1584 2113 caelestia.

409 2154 557 2217 assimiles
573 2153 649 2214 enim
665 2153 773 2212 similia
788 2153 833 2211 sni
848 2158 1074 2228 recognoseunt:
1098 2155 1188 2215 etiam
1209 2157 1291 2215 mnta
1305 2155 1444 2215 animalia
1458 2156 1493 2215 de
1508 2155 1587 2215 noeis

443 2273 513 2317 seno
530 2255 651 2316 inuicem
669 2272 701 2314 se
717 2253 901 2329 intellegunt,
917 2254 1015 2315 leones
1030 2257 1186 2330 tremitum,
1209 2257 1287 2317 teari
1301 2257 1444 2332 mugitum
1459 2259 1489 2318 at
1504 2258 1587 2317 miles

444 2361 531 2418 tnbae
548 2360 729 2434 ceanporem.
759 2360 867 2432 quanto
882 2373 950 2431 ergo
966 2359 1063 2418 nerins
1078 2359 1226 2432 spiritales
1240 2358 1388 2433 spiritalia
1402 2357 1586 2434 intellegunt,

445 2460 587 2520 caelestes
602 2461 632 2518 et
646 2459 768 2518 heredes
783 2458 938 2532 patrissui
954 2463 1108 2532 praecepta
1122 2463 1153 2519 et
1167 2477 1200 2520 ea
1216 2475 1289 2534 qnae
1305 2462 1480 2520 testamento
1496 2459 1589 2534 patris

445 2561 492 2620 sni
506 2565 593 2620 eante
606 2563 699 2620 sunt?
723 2578 775 2620 nos
790 2575 859 2634 ergo
875 2577 940 2619 enm
956 2560 1022 2619 sitis
1038 2560 1148 2620 christi
1163 2562 1293 2634 heredes,
1318 2560 1480 2635 intellegite
1495 2563 1586 2620 testa·

410 2691 435 2728 m
445 2668 574 2722 mentum
589 2664 661 2722 eins.
686 2663 763 2737 qnod
778 2661 804 2720 si
820 2661 886 2734 quis
900 2678 952 2736 per
967 2664 1091 2721 aetatem
1108 2661 1204 2720 minus
1219 2661 1352 2722 decibilis
1362 2664 1408 2722 est
1422 2663 1459 2721 ad
1470 2661 1586 2722 intelle·

442 2765 580 2839 pandum,
606 2765 696 2824 habet
719 2763 855 2838 spiritum
876 2766 1009 2823 sanatum
1032 2763 1235 2838 interpretem:
1259 2763 1343 2823 illum
1367 2767 1515 2839 sequatur,
1536 2763 1587 2824 ille

443 2867 514 2926 duee
534 2870 565 2926 et
584 2866 725 2940 magistre
749 2863 886 2926 facillime
913 2866 1020 2937 poterit
1041 2866 1109 2925 neni
1130 2866 1299 2926 testamenti
1314 2866 1380 2926 inra
1395 2867 1587 2941 uirtutemque

443 2986 626 3045 eegneseere,
642 2971 718 3044 qnod
733 2969 880 3030 irereditae
894 2969 1031 3044 gentibus
1047 2969 1211 3030 eontribnta
1226 2973 1280 3031 est.

484 3073 549 3132 Hoe
562 3073 646 3131 mete
661 3072 801 3131 Dominus
816 3075 846 3132 et
861 3073 950 3130 Pater
965 3072 996 3130 in
1010 3071 1151 3146 principie
1171 3072 1243 3132 lecit
1264 3072 1408 3132 hominem
1428 3089 1481 3132 sna
1499 3083 1614 3140 manu2

407 3190 563 3247 meumque
584 3173 683 3247 posuit
705 3172 735 3231 in
757 3172 891 3246 paradiso
916 3174 985 3233 data
1000 3175 1080 3233 nertn
1094 3173 1260 3235 eentininne
1274 3176 1493 3248 praesepterum
1508 3173 1586 3235 uitae

511 3456 616 3526 lnaipit
633 3455 761 3510 adanam
779 3455 892 3510 iudanos
910 3456 969 3525 (qni
987 3456 1102 3510 insecuti
1120 3458 1186 3510 eunt
1202 3454 1343 3510 terminum
1360 3459 1483 3510 nestram
1496 3455 1585 3509 lesum

442 3541 583 3598 Christum
600 3541 666 3596 add.
685 3541 786 3612 ΜΘΗ
810 3541 929 3612 BMQT.
963 3571 992 3581 -
1024 3539 1198 3596 asmantiae
1216 3556 1252 3595 en·
1270 3539 1411 3594 adundite
1430 3540 1456 3593 T
1557 3540 1586 3592 in

441 3642 492 3681 ma
514 3627 545 3690 Τ,
562 3630 591 3680 et
608 3626 673 3681 inv
795 3614 841 3695 sp's
858 3614 901 3681 sis
922 3629 957 3683 T'
1088 3625 1240 3680 terretis
1257 3626 1343 3680 nentia
1362 3626 1388 3680 T
1506 3625 1588 3694 4per

442 3727 493 3766 ora.
513 3710 541 3764 B
698 3711 716 3766 6
733 3727 804 3765 nana
822 3728 858 3766 es
875 3727 930 3767 nna
948 3713 980 3777 Τ,
999 3715 1056 3781 atq.
1074 3727 1129 3766 nna
1149 3713 1172 3776 Q
1322 3709 1474 3780 prespieene
1491 3709 1519 3763 B

442 3813 495 3852 nen
513 3813 565 3852 nm.
586 3797 637 3868 QT
723 3797 815 3868 inae]
834 3813 953 3867 neqnen
1037 3797 1219 3867 quidquamn
1299 3796 1318 3850 8
1336 3795 1473 3866 spiritales
1491 3797 1519 3850 B

441 3900 528 3954 per..
543 3883 701 3954 ‚spiritalia
719 3899 770 3938 mn.
789 3884 817 3938 B
922 3900 1001 3954 qnam
1020 3899 1091 3939 corr.
1109 3885 1142 3938 ia
1159 3899 1241 3953 qnam
1261 3882 1287 3937 T
1371 3883 1389 3937 9
1406 3880 1536 3936 uidentur
1553 3897 1588 3936 en

442 3970 568 4025 uidentes
585 3970 611 4025 Τ
767 3970 801 4026 10
817 3970 917 4025 similis
938 3973 964 4026 Τ
978 3971 1027 4026 aad
1045 3969 1070 4024 ei
1086 3969 1120 4024 tn
1137 3985 1194 4024 ras.
1352 3967 1397 4022 sni
1415 3965 1520 4020 similia
1537 3983 1554 4021 n

442 4057 611 4123 sategisset
630 4055 667 4109 m
773 4056 861 4110 mura
878 4054 908 4107 n
1013 4056 1046 4109 11
1064 4055 1138 4124 sono]
1156 4055 1182 4109 er
1199 4041 1218 4109 fi
1237 4051 1266 4107 Β
1347 4051 1433 4106 saona
1451 4051 1552 4105 anem
1672 4055 1673 4058 ¹

444 4141 479 4194 12
496 4139 650 4210 clangorem
668 4139 778 4207 addidi,
795 4157 846 4196 esa.
863 4139 954 4213 Ber,
972 4155 1051 4196 necea
1069 4139 1172 4196 ame
1254 4139 1360 4208 qnando
1380 4136 1404 4207 Q
1486 4137 1586 4208 nefins]

445 4227 498 4279 uiri
516 4225 584 4280 insti
604 4227 629 4297 Q
699 4226 836 4297 spiritalia
854 4243 904 4280 orsa
925 4226 978 4296 Bp
1050 4226 1084 4280 18
1101 4230 1144 4280 eat
1160 4226 1212 4280 hoe
1228 4225 1316 4280 modo.
1330 4226 1436 4280 denset
1454 4228 1529 4294 pater
1545 4227 1588 4280 ita

442 4309 626 4381 anuitv
739 4313 772 4367 19
790 4310 953 4381 principium
974 4310 999 4380 Q
