4012 5056
981 357 1071 416 vitu
1536 376 1597 427 cix

453 516 512 583 bns
523 535 559 582 ex
574 515 661 583 omni
675 517 764 600 purte
779 515 920 582 dometis
935 514 1071 582 sublime
1086 514 1301 598 spectaculum
1316 513 1476 597 praebeat.
1491 514 1527 580 et
1539 533 1596 599 per

452 621 673 688 enonrnitetem
698 619 794 706 spatii
820 617 973 704 longioris
1000 617 1071 684 nisu
1096 618 1249 704 denegato
1275 619 1328 684 uel
1349 637 1407 702 per
1432 617 1595 685 confusam

451 721 547 787 nimis
567 723 695 788 turbem
708 740 859 805 personae
874 721 1016 789 senentes
1029 721 1063 787 in
1077 740 1181 788 remos
1196 721 1345 788 orborum
1359 721 1533 806 repserunt,
1554 740 1594 789 ne

451 824 504 890 uel
518 825 576 890 hoo
588 825 639 892 iili
653 825 832 912 negaretur,
846 825 886 891 ut
895 823 936 890 ud
946 823 1097 890 Zeeoheei
1111 823 1359 889 similitudinem
1372 823 1412 888 de
1426 823 1593 890 arboribus

430 929 619 995 uuideretnr.
635 927 767 994 sedium
782 927 892 1014 ligetis
903 946 960 1011 per
970 945 1083 994 munus
1098 945 1170 994 suns
1184 927 1284 994 oeulis
1298 944 1422 993 morsm
1436 926 1593 994 oernifiois

451 1049 562 1115 urgere
583 1029 770 1115 temptabat,
792 1030 882 1096 ouius
903 1047 1020 1096 munus
1042 1031 1091 1096 est
1110 1028 1240 1114 ferrum,
1264 1030 1297 1096 et
1316 1029 1443 1095 lubente
1465 1029 1594 1095 dextm

450 1134 594 1218 gladium
614 1133 670 1198 nix
688 1131 899 1200 trementibus
921 1131 1033 1217 digitis
1053 1131 1218 1217 oireuibet,
1241 1131 1340 1198 donee
1354 1131 1395 1196 ud
1409 1133 1593 1215 perpetren-

450 1235 523 1301 dum
543 1235 672 1318 pretiosi
694 1235 755 1300 uiri
775 1235 911 1300 mortem
926 1233 1156 1300 eluriboetionis
1170 1234 1249 1300 hore
1262 1235 1389 1300 metune
1403 1234 1592 1300 centurionis

450 1357 580 1404 menum
608 1355 753 1404 eonoesso
782 1337 915 1421 desuper
943 1336 1053 1421 nigore
1082 1336 1242 1404 firmatam
1270 1336 1433 1419 permissis
1462 1336 1592 1402 tundem

415 1439 573 1507 uouiribns
594 1439 763 1524 expediret.
786 1439 949 1506 obsutum
970 1439 1119 1506 eoelesiee
1137 1438 1289 1522 populum
1305 1438 1359 1522 qui
1376 1438 1519 1521 episeopo
1534 1456 1591 1505 sno

450 1543 569 1610 talibus
580 1545 613 1610 et
623 1543 723 1608 oeulis
737 1543 857 1628 pariter
871 1543 905 1609 et
915 1542 1058 1610 sensibus
1073 1542 1106 1608 et
1116 1543 1199 1625 quod
1214 1541 1415 1626 estumplius
1428 1541 1591 1634 publioute

450 1663 525 1711 uere
546 1663 725 1729 eompassus
740 1647 847 1726 estet,
868 1645 1032 1727 sicutipse
1047 1646 1202 1710 trentente
1217 1662 1341 1727 semper
1355 1643 1508 1721 audieret,
1523 1642 1590 1708 Deo

449 1746 552 1814 iudioe
573 1748 738 1814 eoronotus
760 1747 819 1813 est.
845 1748 992 1830 quamuis
1013 1747 1096 1815 enim
1118 1765 1180 1812 uon
1201 1746 1343 1830 potnerit
1365 1745 1492 1812 euenire
1506 1744 1590 1829 quod

449 1849 599 1932 optabunt
620 1851 694 1916 uoto
713 1849 903 1933 eommunis,
927 1851 964 1914 ut
980 1849 1133 1916 oonsortio
1153 1850 1238 1933 peris
1253 1847 1373 1933 gloriae
1387 1848 1485 1915 simul
1499 1846 1590 1931 plebs

414 1951 519 2016 utute
538 1951 716 2035 peteretur:
738 1950 929 2032 quicumque
949 1948 1008 2015 sub
1024 1949 1142 2016 Christi
1162 1950 1334 2032 speotuntis
1356 1950 1456 2016 oeulis
1478 1950 1511 2016 et
1529 1947 1588 2016 sub

449 2052 578 2119 nuribus
601 2051 772 2118 sacerdotis
793 2071 831 2118 ex
846 2051 952 2119 eniruo
974 2052 1043 2134 puti
1064 2052 1176 2134 uoluit,
1198 2071 1255 2138 per
1277 2052 1425 2119 idoneum
1447 2051 1517 2119 uoti
1539 2051 1590 2116 sui

448 2155 564 2221 testem
578 2155 746 2240 legationis
761 2154 989 2238 quodammodo
1005 2155 1130 2221 littores
1144 2156 1184 2220 ud
1199 2157 1302 2222 Deum
1317 2156 1417 2222 misit.

492 2255 543 2322 Sio
569 2257 784 2323 eonsummete
812 2258 953 2340 pessioue
979 2257 1153 2340 perfeetum
1179 2259 1237 2338 est,
1266 2259 1305 2324 ut
1331 2257 1505 2342 Cyprianus
1533 2256 1590 2340 qui
1602 2258 1641 2321 10

448 2358 600 2424 bonorum
622 2357 764 2424 omnium
787 2357 894 2425 iuerat
916 2358 1093 2442 exemplum
1113 2359 1210 2426 etiem
1232 2360 1440 2426 seeerdoteles
1462 2376 1590 2425 oenones

413 2461 482 2525 eoin
504 2460 614 2525 Afrioe
637 2460 759 2542 primus
785 2461 952 2539 imbueret,
982 2460 1057 2543 quis
1081 2460 1114 2526 et
1138 2460 1215 2526 telis
1240 2479 1307 2528 esse
1332 2460 1405 2544 post
1430 2460 1589 2544 apostolos

447 2561 533 2644 prior
547 2563 699 2644 ooeperut.
716 2581 826 2645 exque
841 2561 927 2626 enim
938 2560 1122 2646 Gurthngini
1138 2563 1337 2647 episeopetus
1351 2563 1426 2628 ordo
1440 2581 1589 2630 numere·

447 2664 510 2743 tur,
530 2683 703 2746 numquam
723 2664 840 2746 uliquis
859 2663 1006 2746 quemuis
1021 2682 1058 2729 ex
1073 2664 1161 2729 bonis
1176 2664 1209 2729 et
1223 2664 1437 2731 sacerdotibus
1457 2667 1498 2731 ud
1513 2685 1588 2750 pes-

447 2767 567 2832 sionem
587 2766 711 2832 uenisse
731 2768 934 2832 memoretur.
956 2766 1033 2832 lieet
1047 2785 1172 2850 semper
1184 2767 1251 2834 Deo
1264 2768 1447 2849 mancipate
1461 2767 1588 2834 deuotio

447 2868 561 2934 dicetis
593 2868 773 2934 bominibus
802 2885 858 2949 pro
887 2868 1041 2950 martyrio
1071 2868 1247 2949 deputetur,
1278 2867 1452 2952 Cyprianus
1481 2869 1589 2934 tumen

411 2969 544 3038 uetiam
558 2971 600 3036 ed
614 2968 787 3054 perfeetum
808 2988 952 3036 ooronem
967 2969 1102 3035 Domino
1122 2971 1360 3040 eonsummente
1380 2971 1530 3054 profecit:
1551 2972 1589 3037 nt

444 3074 479 3138 in
499 3072 631 3139 ciuitnte
655 3073 734 3154 ipse,
761 3073 795 3138 in
816 3091 879 3154 quo
898 3072 1007 3138 teliter
1028 3072 1150 3138 uixeret
1170 3075 1203 3139 et
1222 3073 1257 3137 in
1277 3091 1339 3154 qus
1361 3073 1448 3156 prior
1470 3072 1588 3138 feceret

445 3175 549 3240 multe
573 3174 734 3257 prsoolero
758 3173 845 3256 prior
871 3176 904 3238 et
929 3174 1095 3239 sacerdotii
1120 3174 1264 3241 eoelestis
1286 3174 1425 3259 insignio
1450 3174 1587 3260 glorioso

446 3293 554 3343 eruore
569 3275 738 3342 decoraret.
762 3276 838 3359 qnid
854 3276 913 3343 hoo
927 3276 996 3342 loeo
1010 3276 1148 3342 faeiem?
1167 3277 1251 3342 inter
1266 3276 1419 3361 goudium
1433 3276 1588 3361 passionis

446 3379 479 3444 et
501 3377 682 3444 remanendi
708 3377 846 3444 dolorem
873 3376 907 3441 in
930 3378 1035 3460 portes
1060 3377 1182 3444 diuisus
1207 3378 1332 3444 enimus
1357 3378 1390 3444 et
1415 3379 1588 3464 angustum

499 3596 978 3669 ldensetiseusedenselispm.2
1086 3600 1178 3653 stom.
1191 3618 1220 3670 μ,
1233 3597 1400 3664 edso,sedu
1513 3598 1589 3654 ruet

443 3699 618 3754 perpepetue
712 3682 882 3752 3persouee]
895 3698 1093 3754 preossnrerop
1187 3670 1328 3753 repserunt
1338 3705 1368 3757 μ,
1379 3685 1553 3754 respireutso
1672 3719 1675 3724 ,

443 3767 621 3840 4negarotso
700 3767 824 3838 nsoheip
905 3767 1134 3834 buiderentsort.
1215 3769 1282 3839 bot]
1295 3769 1417 3824 etiomoo
1493 3767 1588 3823 lebeu-

443 3853 680 3924 tenndextenomp
793 3852 992 3924 thore]orup
1107 3854 1139 3909 11
1152 3853 1353 3923 tulisp,telio
1465 3851 1586 3924 etquod]

443 3937 547 4009 quodp
634 3941 741 4009 estpe.
754 3939 853 3995 tous?
937 3938 1084 4010 publioeso
1171 3939 1339 4010 12ipeoom.
1352 3956 1377 3994 so
1463 3939 1498 3995 14
1509 3939 1587 4010 note]

443 4024 540 4080 nitere
620 4025 662 4095 ut]
675 4026 740 4080 etro
827 4023 926 4095 perire
1004 4025 1038 4080 15
1050 4028 1078 4080 et
1089 4024 1149 4096 sub]
1162 4024 1249 4080 subeo
1337 4025 1370 4079 17
1384 4025 1552 4095 legationiro

443 4108 478 4164 19
490 4107 665 4166 sacerdotalis
677 4124 722 4179 top
804 4125 937 4165 eoroneso
1019 4109 1201 4177 toeoooun¹
1284 4109 1546 4165 bdetbonusetex
1556 4130 1586 4180 μ,

444 4193 601 4251 etboniseo
704 4195 941 4268 23n1ensipstero
1043 4195 1234 4268 dbperieoitp
1338 4195 1587 4267 stupratores

443 4281 573 4351 detq.
587 4281 756 4352 priorooup
861 4282 935 4352 prior
947 4297 1035 4337 omre
1137 4283 1171 4336 27
1184 4282 1222 4354 et]
1236 4282 1350 4339 etiemo
