4012 5066
764 434 810 488 De
833 433 1093 502 Rebaptisrnete
1117 449 1138 488 c.
1159 437 1181 489 1.
1500 443 1543 507 69

404 609 457 654 nae
477 591 668 654 exhortationi
688 609 745 667 qua
767 589 888 651 euadere
902 589 989 651 liceat
1004 590 1082 651 diem
1097 592 1211 654 Domini
1226 595 1256 654 et
1269 592 1351 654 iram.
1379 592 1451 656 dicit
1465 593 1541 655 enim

404 695 461 757 sicr
484 697 645 769 respice,
667 693 740 766 iili,
763 692 935 752 nationes
958 694 1145 754 hominum
1168 698 1204 754 et
1227 695 1332 757 scito.
1356 695 1440 769 quia
1461 712 1542 772 epe·

404 797 508 857 rauit
535 796 573 856 in
599 794 748 869 Domino
777 797 813 854 at
841 795 1021 856 confusus
1049 799 1124 856 eet:
1155 797 1360 871 permansit
1388 796 1424 857 in
1445 815 1543 858 men·

404 899 505 959 datis
533 897 643 958 illiue
672 901 708 958 et
735 896 943 958 derelictus
971 903 1047 958 eet:
1081 900 1147 958 aut
1180 897 1375 959 inuocauit
1402 917 1479 960 eum
1509 904 1544 961 et

383 999 575 1075 adespexit
601 998 729 1058 illum?
758 999 934 1072 quoniam
958 1000 1048 1075 pius
1071 1002 1109 1060 et
1130 1000 1348 1062 misericors
1370 1002 1543 1063 Dominus

404 1104 441 1164 et
468 1101 668 1162 remittens
696 1100 732 1160 in
761 1102 928 1174 tempore
959 1101 1230 1162 tribulationie
1259 1105 1413 1176 peccata
1434 1103 1545 1164 omni·

403 1204 471 1264 bue
498 1202 781 1278 inquirentibus
811 1218 849 1263 ee
872 1203 908 1262 in
937 1203 1113 1264 ueritate.
1142 1205 1291 1280 nitergo:
1314 1204 1432 1266 dictu
1454 1205 1544 1280 faci-

403 1322 492 1367 nora
514 1309 579 1366 tua
600 1306 717 1380 prius,
740 1307 780 1366 ut
801 1304 1046 1366 iustificeris.
1077 1322 1147 1380 pree
1170 1324 1256 1367 mauu
1277 1306 1318 1367 sit
1343 1307 1427 1368 uobis
1452 1308 1543 1369 oratio

404 1407 457 1468 illa
477 1409 708 1482 exomologeseos
729 1406 815 1481 plena
829 1441 845 1472 s
857 1441 898 1472 n

371 2038 398 2077 se
547 1974 549 1978 ¹
613 1999 777 2097 ΗΕ
810 1999 1338 2100 REBAPTISMATB.

325 2308 329 2316 ι
406 2217 485 2306 (Non
501 2223 604 2284 debere
618 2225 711 2285 denuo
724 2224 865 2298 baptisari
880 2225 930 2300 qui
946 2225 1036 2284 semel
1051 2225 1081 2284 in
1098 2225 1210 2285 nomine
1224 2225 1338 2285 Domini
1355 2225 1422 2285 iesu
1437 2224 1545 2285 christi

884 2326 945 2386 siut
966 2322 1076 2407 tincti.)

449 2491 660 2575 Ammnerto
697 2514 859 2588 quaesitum
894 2514 970 2588 apud
1009 2513 1116 2573 fraires
1157 2512 1226 2587 quid
1262 2513 1359 2587 potius
1396 2512 1575 2576 obseruaril

407 2617 551 2688 oporteret
565 2615 596 2673 in
611 2632 762 2689 pomonam
773 2631 880 2687 eorum,
891 2613 943 2689 qui
956 2615 989 2673 iu
1000 2615 1115 2674 haeresi
1127 2613 1242 2688 quidem
1258 2614 1308 2674 sed
1323 2613 1353 2672 iu
1368 2612 1480 2673 nomine
1493 2611 1547 2671 Dei

372 2744 398 2783 ι,
407 2716 500 2775 nostri
513 2716 581 2775 Iesu
593 2715 702 2775 Christi
714 2715 791 2793 [siutl
804 2715 899 2790 tincti,
915 2715 1099 2790 postmodnm
1112 2715 1180 2776 inde
1194 2713 1317 2790 digressi
1332 2718 1362 2776 et
1377 2713 1548 2789 suppliciter

405 2817 443 2876 ad
458 2817 606 2877 ecclesiam
625 2816 680 2876 Dei
701 2818 881 2889 aduolantee‚
902 2817 974 2877 totis
996 2815 1172 2892 praecordiis
1193 2815 1400 2891 paenitentiam
1424 2817 1546 2889 egerent

406 2921 437 2978 et
457 2918 561 2978 erroris
582 2920 627 2980 eui
648 2919 861 2980 damnationem
881 2935 957 2979 nunc
979 2919 1095 2979 demum
1116 2919 1317 2993 intellegentes
1339 2917 1477 2978 auxilium
1497 2935 1547 2977 sa·

405 3019 477 3080 lutis
492 3020 529 3079 ab
544 3037 578 3081 ea
593 3021 788 3096 implorarent,
804 3023 902 3081 utrum
916 3019 1118 3082 uetustissima
1127 3019 1333 3080 consuetudine
1345 3035 1379 3078 ac
1392 3017 1548 3078 traditione

408 3120 603 3182 calamum
622 3124 690 3197 poet
709 3120 792 3181 illum
807 3123 883 3195 quod
897 3119 970 3182 foria
987 3120 1104 3195 quidem
1118 3121 1171 3182 esd
1185 3119 1216 3180 in
1230 3119 1344 3181 nomine
1358 3119 1426 3179 Ieeu
1437 3118 1547 3178 Christi

370 3222 524 3286 aoDomini
544 3224 637 3284 nostri
659 3225 832 3297 acceperunt
851 3221 999 3296 baptisma
1019 3221 1217 3282 tautummodo
1237 3220 1344 3296 imponi
1369 3221 1413 3280 eis
1432 3237 1549 3280 manum

408 3325 593 3400 abepiscopo
608 3325 644 3385 ad
666 3324 862 3400 accipiendum
883 3323 1019 3399 spiritum
1041 3324 1174 3385 sanctum
1195 3321 1341 3384 sufficeret
1354 3323 1385 3383 et
1399 3321 1470 3382 haec
1483 3339 1546 3382 ma·

407 3445 463 3487 nus
488 3427 633 3501 impositio
658 3427 774 3502 signum
800 3427 868 3486 fidei
893 3426 1033 3487 iteratum
1053 3429 1141 3500 atque
1161 3426 1387 3486 consummatum
1403 3423 1446 3484 eis
1461 3439 1547 3498 prae·

407 3533 509 3604 steret,
530 3547 567 3590 an
586 3547 655 3591 nero
676 3531 764 3591 etiam
785 3531 922 3591 iteratum
945 3529 1091 3604 baptisma
1111 3526 1158 3588 his
1173 3528 1365 3588 remeantium
1381 3529 1459 3588 esset
1472 3528 1549 3585 tam·

475 3711 494 3766 2
511 3711 562 3766 Sir.
581 3710 607 3778 2,
626 3711 737 3766 10-12.

477 3880 511 3936 10
528 3879 614 3935 Haec
631 3884 782 3933 summme
794 3880 907 3948 primae
924 3876 1014 3935 edidit
1032 3877 1167 3934 Nicotaus
1181 3878 1322 3948 Ripaltirce
1339 3892 1374 3932 er
1391 3877 1550 3948 apaprcpleo

408 3965 552 4024 &monde
575 3981 611 4021 cu
632 3965 815 4020 macoriae
838 3965 932 4021 codice
954 3964 1120 4020 eeonceteric'
1145 3962 1173 4019 S.
1199 3963 1318 4034 Rernipis'
1341 3963 1483 4018 Romame
1505 3960 1550 4017 de-

406 4051 524 4120 scripto:
544 4057 608 4120 poet
627 4049 771 4104 sirmondi
792 4065 890 4105 worn
907 4049 1049 4105 Balearicae
1072 4050 1175 4104 dmm
1197 4049 1313 4104 molit
1336 4047 1455 4105 codicem
1471 4063 1551 4116 precra

408 4138 519 4204 fraeda
529 4137 605 4190 iuer
617 4135 703 4191 ledros
716 4135 863 4192 emoneo
877 4134 1014 4204 pumici.
1034 4163 1067 4174 -·
1086 4134 1241 4204 leoperto
1253 4133 1312 4190 cod.
1325 4140 1378 4190 cto
1447 4133 1482 4188 1⁶
1493 4131 1551 4186 siut

408 4221 512 4278 induet
627 4221 661 4276 19
679 4221 726 4290 qui
744 4221 807 4292 Rip.
925 4219 963 4277 20
980 4219 1085 4274 domini
1103 4221 1189 4275 nostri
1210 4219 1356 4283 Balearica,
1375 4218 1550 4273 domininon

408 4305 477 4374 cod,
495 4305 660 4362 dominicum
679 4304 844 4362 sennonem
