4012 5056
927 386 1016 442 vita
1498 405 1544 455 cv

397 541 489 623 quasi
510 541 634 608 scilicet
654 541 875 627 ignorantibus
896 542 1069 608 tacebatur.
1091 560 1165 609 sane
1185 545 1217 608 et
1231 543 1265 608 in
1285 543 1452 625 scripturis
1474 542 1539 608 talo

396 642 522 727 aliquid
542 642 678 710 inuenio.
701 662 776 710 nam
791 643 956 710 Zacharias
971 645 1114 730 sacerdos
1128 645 1280 729 promisso
1295 645 1357 711 sibi
1371 665 1428 729 per
1442 663 1539 732 ange·

397 746 466 811 lum
489 745 556 810 filio
582 747 738 829 quianon
760 747 935 813 crediderat
955 747 1124 832 obmutuit,
1151 747 1198 814 ita
1218 749 1255 813 ut
1272 746 1311 813 de
1330 747 1391 814 filii
1412 749 1539 814 nomine

395 847 570 929 scripturus
584 848 690 930 potius
706 867 802 930 qnam
815 848 975 915 relaturus
991 851 1071 915 nutn
1084 849 1210 915 tabulas
1221 850 1406 932 postularet.
1421 851 1537 916 memte

374 951 430 1016 set
443 948 505 1030 hic,
532 949 587 1014 nbi
602 949 662 1015 Dei
687 951 820 1045 nuntius
841 951 1018 1036 passionem
1041 949 1193 1018 antistitis
1215 951 1433 1019 imminentem
1455 952 1538 1020 nutu

395 1052 501 1134 potius
515 1052 678 1135 expressit,
693 1054 727 1118 et
740 1053 837 1119 fidem
851 1053 1016 1120 admonuit
1030 1054 1063 1119 et
1076 1055 1269 1120 sacerdotem
1283 1054 1431 1121 muniuit.
1455 1056 1539 1122 dila·

394 1153 491 1220 tionis
512 1157 620 1222 autem
640 1156 794 1240 petendae
808 1156 891 1222 ratio
906 1155 945 1222 do
960 1157 1152 1222 ordinatione
1166 1175 1271 1222 rerum
1286 1159 1320 1224 et
1334 1157 1374 1222 de
1388 1155 1538 1222 nolunta-

394 1258 438 1324 tis
460 1258 663 1342 dispositione
684 1259 841 1326 ueniebat.
869 1278 948 1342 quae
970 1276 1044 1325 uero
1066 1279 1115 1325 res
1136 1259 1187 1324 illi
1208 1260 1264 1325 ant
1286 1279 1366 1343 quae
1388 1260 1537 1325 uoluntas

393 1359 565 1427 ordinanda
578 1363 640 1427 nisi
655 1361 859 1428 ecclesiastici
874 1361 999 1428 status?
1019 1379 1143 1427 summa
1157 1364 1285 1444 accepte
1299 1361 1410 1427 dilatio
1425 1362 1483 1441 ost,
1499 1363 1538 1427 nt

358 1483 385 1524 rc
393 1460 547 1545 quidquid
562 1463 645 1530 circa
659 1482 833 1548 pauperum
847 1463 1053 1530 tenendorum
1075 1481 1221 1548 suprema
1235 1462 1353 1530 indicia
1368 1463 1535 1546 disponen-

393 1565 471 1629 dum
497 1566 601 1632 iuerat
629 1565 835 1632 ordinaretur.
871 1565 905 1630 et
933 1567 1009 1648 puto
1037 1568 1162 1648 propter
1189 1565 1271 1632 nihil
1301 1565 1399 1643 alind,
1434 1566 1534 1633 immo

392 1683 466 1732 nero
481 1669 609 1750 propter
622 1668 681 1734 hoc
694 1669 823 1734 tantum
839 1669 935 1734 etam
951 1667 1150 1752 indulgentia
1164 1669 1204 1733 ab
1215 1669 1293 1751 ipsis
1307 1667 1362 1751 qui
1375 1667 1531 1734 eiecerunt

392 1771 426 1834 et
440 1770 495 1850 qui
516 1769 648 1835 occisuri
669 1772 768 1849 arant,
790 1771 889 1835 missa
904 1773 962 1849 est,
984 1787 1079 1851 quam
1094 1773 1132 1836 ut
1145 1788 1290 1852 praesens
1306 1772 1339 1836 et
1353 1765 1533 1852 praesentes

391 1888 542 1953 pauperes
561 1871 751 1938 nouissimus
771 1871 1014 1954 dispensationis
1034 1872 1181 1938 extremis
1197 1872 1229 1937 et
1248 1873 1285 1938 ut
1300 1872 1424 1953 plenius
1445 1872 1534 1938 dixe-

356 1990 383 2031 ιι
391 1971 454 2036 rim
475 1971 554 2038 totis
576 1972 756 2056 sumptibus
777 1972 984 2038 ministraret.
1010 1972 1161 2040 ordinatis
1183 1988 1256 2056 ergo
1278 1973 1346 2038 tam
1368 1973 1419 2056 pie
1441 1973 1535 2040 rebus

392 2075 424 2138 et
438 2074 485 2141 sic
498 2074 663 2140 uoluntate
677 2074 831 2156 disposita
845 2075 1044 2157 proximabat
1060 2075 1126 2141 dies
1141 2076 1306 2141 crastinus.

434 2177 504 2242 Iam
530 2177 568 2242 de
593 2175 686 2244 Xisto
710 2176 790 2244 bono
816 2177 850 2242 et
870 2177 999 2261 pacifico
1025 2178 1183 2244 sacerdote
1208 2195 1245 2243 ac
1270 2178 1434 2261 propterea
1458 2177 1585 2249 bea-li

391 2277 514 2344 tissime
529 2281 669 2362 martyro
684 2279 725 2345 ab
740 2280 817 2346 urbe
831 2280 961 2346 nuntius
976 2281 1114 2344 uenerat.
1130 2279 1313 2362 sperabatur
1327 2281 1391 2344 iam
1406 2278 1534 2362 iamque

391 2380 529 2446 carnifex
555 2380 691 2466 ueniens,
719 2381 775 2465 qni
801 2379 915 2446 deuota
941 2380 1156 2446 sanctissimae
1183 2379 1333 2447 uictimae
1354 2380 1437 2446 colla
1458 2399 1539 2464 pers

357 2482 528 2565 gonteret:
559 2483 592 2547 et
617 2482 664 2547 sic
689 2483 779 2548 erant
808 2501 915 2549 omnes
941 2483 1008 2548 dies
1033 2483 1084 2548 illi
1110 2482 1290 2564 quotidiana
1319 2483 1533 2566 expectatione

392 2579 557 2661 moriendi,
571 2585 609 2648 ut
620 2601 732 2651 corona
743 2585 880 2668 singulis
891 2586 997 2666 posset
1007 2585 1150 2650 adscribi.
1168 2585 1394 2650 conueniebant
1403 2585 1536 2651 interim

393 2685 500 2767 plures
520 2686 639 2770 egregii
660 2688 693 2753 et
713 2685 882 2752 clarissimi
903 2687 1021 2753 ordinis
1043 2690 1075 2753 et
1096 2687 1268 2771 sanguinis,
1290 2688 1345 2754 sed
1365 2689 1398 2754 ot
1417 2688 1536 2754 saeculi

394 2789 560 2856 nobilitate
571 2789 722 2874 generosi,
735 2791 794 2872 ⁴qni
805 2789 932 2876 propter
943 2789 1117 2856 amicitiam
1129 2790 1196 2856 eius
1206 2790 1369 2874 antiquam
1379 2807 1536 2858 secessum

394 2891 527 2958 subinde
541 2892 722 2958 suaderent:
738 2893 771 2958 et
781 2909 821 2957 ne
835 2910 948 2974 parum
963 2893 1047 2957 esset
1060 2891 1145 2957 nuda
1159 2892 1296 2971 suadela,
1312 2893 1410 2958 etiam
1422 2894 1491 2960 loca
1501 2893 1536 2959 in

407 3176 410 3182 .
448 3109 582 3164 lecilicet
593 3109 799 3175 om.c,licet1'
930 3112 1235 3176 enumerarem...
1249 3113 1275 3164 T
1406 3112 1535 3183 angelum

396 3210 467 3250 coer.
479 3195 512 3249 ies
524 3194 696 3265 euangelium
711 3193 738 3248 T
746 3197 818 3264 (non
830 3197 854 3259 t)
958 3195 976 3250 8
987 3195 1020 3249 de
1032 3194 1083 3248 filii
1095 3195 1201 3250 nomine
1216 3197 1247 3258 Τ,
1260 3196 1314 3250 iiiii
1326 3211 1423 3252 nomen
1434 3213 1498 3268 rope

395 3280 595 3349 decripturere
717 3280 864 3352 relaturus]
877 3278 1022 3335 relicturus
1037 3281 1064 3335 Τ
1181 3281 1292 3337 bibiT
1411 3283 1536 3354 nuntius]

397 3366 550 3436 nutritnsp
660 3366 806 3421 antestites
824 3367 1030 3433 nuntietitest
1142 3366 1291 3422 bmnniuit
1302 3383 1352 3422 ora.
1369 3369 1447 3438 Τιιιμ,
1459 3383 1537 3424 mon·

397 3451 498 3506 strauit
509 3452 603 3507 mutim
736 3451 890 3522 ietdelct
905 3452 932 3507 T
1062 3452 1336 3522 ddispositionemi'
1463 3451 1537 3523 uere]

397 3553 488 3591 nourr
620 3536 766 3608 9snmma]
779 3551 906 3606 suprema
918 3536 1043 3592 iccircoc
1175 3535 1504 3606 dilutiooetldilationot

399 3623 522 3695 10circa]
534 3625 623 3679 cetera
633 3640 659 3679 ro
763 3621 948 3693 tenendorum]
961 3638 1053 3677 curam
1065 3621 1131 3679 crist
1143 3639 1170 3688 c,
1180 3621 1388 3693 dispositionem
1399 3622 1466 3679 cdd.
1478 3639 1504 3678 ro

399 3707 713 3781 supremoiudicioropo
826 3709 861 3764 12
871 3724 935 3764 usre
950 3709 994 3778 Τμ
1104 3709 1190 3764 etiam
1200 3711 1346 3764 tantumro
1449 3706 1541 3763 indul·

399 3794 477 3865 genti
490 3795 517 3849 1·
565 3795 670 3850 siccant
684 3796 793 3865 Neon
804 3796 829 3863 t)
890 3793 1022 3862 ibatqui
1033 3793 1148 3849 occisuri
1160 3797 1238 3849 amnt
1249 3810 1300 3850 orn.
1316 3794 1349 3859 Τ,
1361 3796 1390 3848 et
1402 3793 1450 3862 qai
1462 3795 1541 3848 amnt

399 3881 559 3948 eccuniup
641 3879 790 3937 admissae
872 3895 1047 3949 quamam
1127 3882 1276 3950 οιοιιιισμ
1364 3879 1507 3934 lbnotist
1637 3907 1641 3911 ·

400 3965 556 4020 ministrare
568 3965 775 4031 T,rcleuaretc
851 3965 1046 4033 lbotorrarop
1122 3979 1171 4036 pro
1182 3964 1326 4020 uoluntate
1337 3963 1507 4034 dispositius
1541 4009 1544 4017 .

401 4051 435 4104 17
447 4054 525 4120 xysto
536 4069 581 4122 μυ,
594 4053 659 4109 noto
669 4069 695 4108 rc
765 4052 800 4108 18
811 4051 846 4106 ab
858 4050 926 4106 urbe
937 4067 988 4107 ora.
1001 4067 1026 4106 ro
1095 4050 1265 4122 sperabatur]
1278 4048 1471 4120 expectabatur
1482 4063 1508 4104 ro

402 4137 579 4208 annuae
665 4139 700 4194 19
711 4137 879 4194 metimini
892 4153 938 4207 cop
1020 4136 1210 4193 nictimseora
1227 4137 1297 4204 iture
1377 4133 1543 4205 clangens

402 4221 493 4290 possit
504 4223 535 4289 T,
547 4224 641 4293 posset
651 4223 800 4294 siuguliso
884 4221 1096 4291 enacmimip
1176 4217 1509 4293 sedetlscdt,sedutro

401 4307 513 4378 necati]
526 4309 671 4363 moenianis
685 4310 712 4365 1·
822 4307 858 4362 23
869 4307 1053 4362 nouilitatcT
1165 4307 1201 4362 24
1212 4309 1241 4362 et
1251 4321 1285 4360 nc
1297 4321 1394 4377 parum
1406 4304 1489 4376 essct]
1500 4320 1544 4361 mc

403 4392 578 4461 paruisset?
680 4393 1061 4464 madellap¹,enadebant1'
1162 4392 1318 4462 etetinmrr
