4000 5066
895 360 1088 430 Epistulae.
1491 371 1555 436 231

423 522 522 581 tertiat
536 522 674 582 libertate
689 523 811 582 donatos
826 522 957 582 uolumus
973 549 1022 584 aa.
1045 521 1091 580 illi
1104 521 1212 582 seruire
1240 522 1316 583 filios
1331 540 1398 584 suos
1413 527 1558 602 intrepida

423 623 593 682 mortalibus
608 625 729 682 tradant
743 627 773 682 ot
787 639 840 682 noe
856 623 915 682 Deo
930 625 1044 682 nostros
1056 623 1143 681 simul
1154 627 1185 681 et
1196 639 1263 682 suos
1274 624 1380 685 liberos
1392 627 1558 689 liberandos

423 725 568 786 dimittere
583 725 725 799 sacrilega
740 727 835 784 mente
851 729 1027 796 cunctamur,
1042 725 1125 798 quasi
1140 725 1232 784 tatius
1247 728 1323 800 apud
1335 728 1465 790 homines
1480 731 1558 791 iudi·

424 830 504 886 cetur
518 827 612 902 magis
627 845 713 901 quam
728 843 817 900 penes
831 825 922 888 Deum
938 826 1130 887 condemnari
1145 828 1271 900 aliquem
1287 828 1421 890 filiorum.
1445 830 1558 905 pudea-

402 932 491 989 edum
506 931 602 990 nescio
617 929 686 1004 qaid
701 930 853 990 christiani
868 931 945 1004 apud
959 929 1082 1002 gentiles
1102 930 1295 1004 opprobrium,
1319 931 1423 1005 quibus
1447 934 1559 1007 peiores

423 1032 485 1091 eine
500 1032 587 1091 dabio
603 1031 767 1092 iudicentur
793 1049 865 1105 quos
890 1047 975 1106 pares
1001 1032 1106 1090 habere
1128 1048 1185 1090 non
1207 1033 1299 1091 dicam
1314 1035 1447 1094 meliores
1462 1036 1559 1094 iuerat

424 1133 615 1193 criminosam.
634 1134 785 1193 christiani
799 1135 902 1192 nolant
912 1135 958 1192 uel
973 1133 1164 1206 gratulatione
1180 1151 1247 1192 suos
1268 1137 1406 1194 deducere
1422 1136 1459 1195 ad
1473 1137 1560 1211 bona,

424 1236 547 1308 gentiles
562 1238 675 1296 tradere
690 1253 747 1296 non
762 1239 932 1296 enuncientur
947 1237 983 1295 ad
998 1237 1082 1295 mala.
1098 1239 1240 1309 postremo
1263 1238 1309 1295 aci
1333 1255 1396 1297 cnm
1412 1237 1476 1311 ipsa
1491 1239 1559 1298 ieli-

425 1337 513 1397 citate
527 1341 689 1397 nostrorum
704 1337 886 1397 morieatinm
901 1355 1036 1410 cogrrmur
1050 1338 1174 1396 animum
1190 1339 1319 1407 flectere,
1346 1357 1382 1398 ue
1409 1340 1560 1400 desideriis

391 1462 415 1500 ro
427 1457 523 1500 corum
539 1440 681 1500 desideria
696 1443 796 1501 nostra
809 1441 949 1513 incipiam
965 1456 1132 1513 repugnare.
1155 1439 1300 1499 lactantur
1320 1441 1376 1515 ipsi
1391 1443 1439 1516 qni
1455 1446 1561 1502 exeant

425 1543 573 1602 uenientes
589 1545 626 1602 ad
640 1542 777 1617 requiem.
794 1542 934 1600 laetemur
949 1545 979 1600 et
993 1559 1044 1600 noa
1060 1558 1122 1600 cam
1138 1542 1220 1613 ipsis,
1244 1542 1346 1601 saltora
1362 1547 1562 1616 competentes

426 1647 585 1704 nostrerum
601 1645 765 1705 exeuntium
780 1644 996 1704 beatitudinem.
1023 1646 1084 1703 eam
1113 1644 1264 1717 religiosus
1279 1644 1325 1703 uel
1347 1647 1415 1705 uoto
1433 1646 1495 1705 eius
1511 1644 1562 1718 qui

426 1747 529 1818 euasit,
545 1747 571 1804 si
586 1764 642 1806 non
657 1751 739 1820 potes
754 1749 815 1817 tuo,
831 1749 861 1804 et
872 1747 984 1804 exaudta
999 1745 1066 1818 qaia
1081 1745 1222 1818 placuisse
1234 1746 1380 1818 cognoscis
1392 1746 1562 1820 participem

427 1847 471 1905 toi
487 1849 638 1922 sanguinis
653 1848 780 1919 Christo,
802 1847 925 1906 maxiano
941 1850 1015 1920 quod
1030 1846 1076 1905 uel
1093 1847 1127 1905 de
1142 1847 1288 1905 occasione
1311 1848 1417 1906 debeas
1439 1848 1562 1906 tolerare

392 1964 417 2002 re
428 1949 544 2008 Domini
559 1951 748 2021 uoluntatem,
764 1950 810 2008 cui
827 1965 885 2006 non
899 1953 981 2022 potos
1002 1948 1205 2008 contradicere.
1229 1952 1258 2008 et
1280 1966 1345 2007 cunr
1371 1949 1411 2008 sit
1431 1950 1564 2008 omnibus

430 2053 589 2113 communia
604 2053 653 2112 hic
668 2069 762 2124 casus,
778 2069 871 2112 uranus
885 2051 965 2111 dolor
980 2053 1034 2123 est,
1051 2051 1100 2124 qui
1116 2067 1169 2111 aec
1183 2052 1294 2125 primas
1309 2051 1423 2111 uidetur
1434 2069 1498 2111 esse
1512 2069 1564 2112 nec

430 2155 518 2214 solus.
535 2154 586 2214 sed
612 2155 699 2214 dicis:
724 2153 822 2213 nullus
838 2172 882 2213 me
898 2156 933 2213 de
958 2171 1022 2214 mee
1045 2154 1219 2213 desolatione
1241 2154 1347 2212 mentis
1369 2171 1459 2226 angor
1481 2154 1565 2213 exui-

431 2259 528 2326 cernt,
553 2256 604 2314 sed
619 2272 671 2328 pro
687 2255 805 2314 delictis
820 2255 934 2330 paruuli
956 2256 1103 2314 morientis
1117 2253 1307 2314 immanitatis
1321 2255 1441 2314 affectus
1456 2253 1565 2328 impul-

431 2359 487 2414 eat.
516 2373 568 2415 nec
583 2358 638 2416 hoc
651 2355 723 2416 lieet
737 2373 914 2417 commouere
930 2358 1055 2416 animum
1071 2355 1269 2427 christianum,
1291 2373 1326 2415 ne
1342 2359 1442 2414 contra
1457 2355 1566 2414 Christi

395 2473 422 2512 eo
432 2457 552 2532 imperia
564 2459 729 2519 reluctetur.
745 2459 815 2532 qaid
827 2459 948 2518 interest
959 2459 1191 2532 quandocumque
1211 2459 1240 2516 et
1254 2457 1476 2531 qualescumque
1491 2458 1566 2516 filios

499 2710 513 2761 1
534 2707 658 2760 uolumus
682 2711 790 2760 seruire.
810 2707 897 2760 Filios
915 2707 955 2760 Zo
1133 2705 1329 2773 intrepidanter
1347 2704 1416 2758 lilios
1435 2721 1497 2758 suos
1514 2706 1533 2758 lo

429 2789 447 2843 2
463 2791 588 2844 mortalis
605 2807 621 2844 e·
726 2790 774 2844 deo
793 2791 909 2860 nestros]
929 2791 961 2844 do
978 2792 1069 2844 nestro
1088 2790 1137 2854 Ze,
1154 2789 1204 2844 deo
1222 2793 1316 2843 uestro
1334 2789 1353 2843 la
1457 2788 1567 2857 liberos]

430 2878 459 2928 et
475 2879 583 2929 nostros
602 2875 666 2928 edd.
685 2877 744 2930 erc
866 2877 884 2928 3
901 2877 957 2929 tuti
976 2875 1003 2928 Z
1114 2874 1263 2929 iudicemur
1281 2875 1313 2938 Ζ,
1332 2875 1481 2928 indicemus
1498 2875 1533 2928 loo

429 2961 447 3014 4
464 2961 603 3014 dominum
622 2962 664 3015 Za
754 2961 924 3015 condemnari
942 2964 968 3026 lo,
986 2960 1162 3015 commendari
1182 2961 1260 3029 Zara
1358 2959 1563 3028 pudendum...

431 3047 449 3098 l.
466 3049 484 3100 7
502 3045 678 3099 criminosam
697 3063 748 3100 ooo.
767 3048 785 3099 le
972 3047 990 3100 5
1007 3046 1170 3099 abartianas
1188 3047 1231 3099 est
1248 3063 1272 3100 a
1291 3062 1317 3114 g.
1336 3045 1473 3114 opprobrii
1492 3046 1534 3100 Ze

431 3131 557 3198 liparem
576 3131 602 3183 Z
717 3132 853 3185 moliorem
873 3133 899 3184 Z
1013 3132 1112 3199 inerat]
1133 3147 1226 3184 samus
1244 3133 1340 3199 putare
1359 3129 1392 3193 Z,
1411 3131 1502 3183 fuerat
1520 3145 1568 3198 pa·

431 3218 525 3269 taren
595 3215 729 3268 'inolent
746 3215 773 3269 Ζ
852 3215 1049 3283 gratulationes
1068 3235 1086 3282 ‚a
1174 3229 1236 3268 suaa
1254 3234 1274 3283 μ
1292 3231 1322 3267 as
1340 3231 1375 3268 ec
1393 3229 1432 3276 os,
1450 3230 1500 3267 sua
1517 3214 1535 3267 lo

431 3301 648 3370 dcunctatarp
743 3300 917 3369 ilcognmur]
937 3316 1062 3369 rogamur
1080 3301 1105 3353 Ζ
1194 3300 1330 3354 inflectere
1349 3301 1374 3353 Z
1473 3317 1506 3354 nc
1523 3300 1571 3368 μΙι,

432 3401 485 3438 non
503 3402 527 3450 r,
546 3388 575 3438 ct
592 3386 635 3441 Ze
744 3385 857 3438 desidiis
876 3386 902 3438 Ζ
1012 3385 1044 3439 10
1061 3385 1222 3453 repugnare]
1241 3385 1369 3439 reluctari
1388 3386 1406 3438 lo
1517 3386 1572 3438 iae·

432 3471 527 3524 tantur
538 3470 607 3523 ...t
627 3473 663 3524 12
681 3469 875 3523 beatitudinem
894 3487 944 3524 oon
963 3471 982 3524 Ιι
1136 3469 1201 3538 ipsi]
1221 3469 1264 3522 iili
1282 3470 1323 3524 Ζυ
1462 3469 1494 3522 12
1512 3485 1570 3523 exc·

432 3555 551 3624 andum]
570 3555 743 3608 morientium
762 3554 828 3609 cdd.
848 3555 874 3608 Ζ
994 3553 1061 3623 osto]
1080 3553 1104 3606 si
1122 3554 1163 3609 Za
1282 3556 1347 3607 uoto
1365 3552 1433 3622 aius]
1453 3552 1571 3606 noticias

434 3641 467 3706 Z,
484 3641 641 3695 nouitineo
764 3641 822 3711 qai]
842 3656 910 3708 qaae
928 3642 946 3693 lo
1063 3638 1095 3692 13
1112 3625 1146 3692 ιιῖ)
1164 3639 1290 3708 quesita
1404 3638 1571 3707 taeet1ucl

435 3727 484 3790 Ze,
503 3725 586 3780 tuolr
702 3725 877 3794 participium
896 3725 939 3778 tui
959 3725 1009 3786 Za,
1027 3725 1069 3777 tui
1087 3709 1260 3792 participium
1279 3724 1298 3777 b
1415 3724 1449 3776 14
1466 3721 1512 3775 nai
1528 3720 1570 3790 dc]

434 3813 505 3866 uelle
523 3832 552 3880 μ,
571 3813 650 3866 aelr
753 3811 919 3865 occasionem
937 3827 973 3878 rp
1067 3811 1100 3862 15
1118 3810 1210 3878 potest
1226 3824 1271 3877 aa,
1289 3807 1369 3861 dobes
1387 3807 1414 3861 Ζ
1512 3822 1570 3860 cnm

435 3883 613 3951 aicl’..dolor
629 3900 735 3952 estem.
754 3899 789 3966 μ·
859 3896 898 3950 eit
915 3911 1001 3950 coar
1071 3895 1104 3948 16
1121 3895 1269 3948 communia
1287 3910 1338 3948 eeu.
1357 3893 1384 3947 Ζ
1475 3893 1571 3962 uanus]

435 3998 504 4037 naas
523 3983 549 4036 Ζ
660 3983 693 4036 l'l
712 3981 745 4036 de
763 3997 816 4036 orn.
836 3981 863 4034 Z
977 3981 1160 4035 consolatione
1179 3980 1206 4033 Ζ
1315 3980 1349 4032 18
1366 3978 1503 4033 derelictis
1519 3979 1538 4032 Ιι

435 4069 558 4137 pernulis
576 4069 650 4146 reale¹
734 4068 768 4122 19
787 4067 919 4123 nonlicet
937 4066 1134 4122 commederit
1237 4066 1280 4136 ne]
1301 4081 1382 4120 acce·
1480 4064 1516 4118 20
1533 4083 1574 4119 ro·

437 4154 742 4222 incantamenta
760 4155 802 4208 Ζτ
931 4155 973 4206 eet
991 4153 1062 4205 inter
1080 4151 1122 4206 Za
1245 4150 1475 4219 quandocumque]
1495 4165 1574 4217 quoa·

437 4254 551 4307 caraque
570 4240 613 4295 Za
