4012 5066
435 383 478 446 58
910 375 1094 444 Appendix.

434 531 623 594 seeonlerium
638 532 799 608 principum
813 531 869 592 hoo
882 531 1023 592 inuiotnm
1037 532 1186 602 heberent,
1201 531 1276 606 quod
1292 533 1322 590 ot
1335 547 1392 590 nou
1404 531 1569 588 metuerunt

435 635 564 708 exemplo
578 635 646 694 boni
670 634 796 709 pesteris
820 635 944 693 enimenr
959 650 1041 693 suem
1056 635 1180 704 trudere,
1195 633 1366 707 sanguinein
1381 630 1499 690 iuniore
1512 645 1568 689 neo

435 734 525 796 ullenr
540 735 711 796 insanientis
725 735 843 810 tyrenni
857 733 1009 795 seenitiern
1024 750 1165 795 rsousere.

405 839 424 896 7
477 837 551 898 Dooe
572 854 656 911 quern
677 836 828 911 gloriosos,
853 853 939 910 quem
954 835 1074 896 Domino
1100 852 1183 895 ueros
1197 835 1373 895 sohisnretioi
1388 834 1437 894 isti
1462 832 1569 907 ligne

434 939 577 1000 ieonum
604 937 780 1014 stipulum
802 939 947 1014 appellere
968 954 1025 997 non
1047 938 1194 998 dubitent:
1217 955 1336 1012 qnorum
1357 953 1440 1010 peres
1454 936 1509 996 hoo
1523 937 1590 995 este

434 1040 465 1098 in
490 1041 588 1100 eodem
613 1040 731 1100 erimine
757 1040 856 1114 lapsus
879 1040 926 1099 sui
941 1039 1034 1099 edhuo
1056 1056 1148 1113 usque
1162 1040 1334 1099 constitutos
1348 1055 1401 1099 neo
1416 1039 1454 1096 ed
1467 1039 1567 1111 peoni-

434 1140 555 1200 tentiem
580 1139 773 1200 admittendos
799 1155 862 1200 esee
887 1144 1075 1214 preosunrunt
1089 1158 1122 1200 ox
1137 1139 1192 1199 ille
1205 1139 1320 1201 Domini
1335 1138 1568 1214 pronuntietione

434 1241 484 1316 qni
514 1241 574 1302 eit:
608 1242 667 1316 qui
699 1257 748 1301 ms
780 1241 980 1316 negauerit
1011 1257 1133 1302 norem
1166 1242 1389 1312 horninibus,
1423 1239 1567 1314 negebo

433 1361 508 1403 eum
530 1360 646 1404 eorem
667 1345 770 1419 petre
785 1359 859 1404 meo
875 1343 934 1418 qui
949 1345 1007 1402 ost
1021 1343 1059 1403 in
1072 1342 1199 1404 oeelis.
1222 1361 1274 1418 pro
1289 1343 1369 1402 dolor
1383 1343 1453 1417 quid
1467 1343 1568 1402 ooutre

435 1445 577 1506 dominioe
589 1445 701 1504 stetute
715 1445 900 1517 oontendunt,
923 1447 958 1504 ut
978 1459 1013 1502 ee
1032 1461 1105 1517 queo
1121 1444 1253 1504 Christus
1268 1443 1367 1503 iudicii
1381 1444 1427 1502 eui
1441 1445 1567 1516 tempore
1577 1463 1603 1502 ro

434 1547 474 1606 sit
488 1549 604 1608 aeturus
629 1547 701 1608 heeo
724 1563 799 1606 nuno
824 1547 913 1622 stirps
939 1545 1096 1605 Nouetieni
1117 1545 1210 1620 petris
1224 1546 1269 1606 eni
1284 1544 1390 1604 dioboli
1405 1543 1566 1616 exemplum

434 1649 525 1708 seouti
541 1647 633 1723 [nuno]
649 1663 778 1708 oxoroore
799 1651 937 1708 oonentnr
952 1647 1065 1707 dioonto
1081 1648 1237 1720 scripture:
1253 1647 1339 1705 mihi
1354 1645 1567 1716 uindiotem,

432 1752 468 1808 et
489 1767 554 1824 ego
575 1751 788 1821 retribuam,
811 1750 904 1810 iioit
925 1749 1109 1810 Dominus.

404 1850 423 1907 8
475 1849 719 1924 Respondebimus
733 1851 776 1909 eis
789 1853 820 1908 et
835 1853 870 1910 ud
887 1851 971 1910 istem
987 1851 1247 1923 pronuntietionom
1262 1849 1375 1909 Domini
1390 1864 1477 1923 quem
1491 1846 1567 1905 mele

432 1949 606 2026 intellegunt
627 1953 657 2010 ot
678 1952 752 2011 melo
774 1951 830 2011 eibi
863 1952 1099 2025 interpretentur.
1134 1953 1207 2026 quod
1235 1951 1311 2012 enirn
1343 1951 1399 2009 eit:
1430 1949 1601 2024 quieuere

431 2051 628 2124 nogenerit
649 2069 771 2113 eorem
793 2053 1016 2124 hominibus,
1040 2056 1075 2112 ot
1097 2069 1162 2126 ego
1184 2053 1327 2126 negebo
1350 2069 1425 2110 sunu
1448 2067 1566 2110 oorenr

433 2155 539 2226 petro
560 2169 633 2213 meo
656 2155 718 2227 qui
740 2156 797 2213 est
818 2153 856 2213 in
878 2152 1013 2226 oeulis,
1045 2155 1146 2228 ntique
1176 2153 1267 2213 futuri
1295 2152 1430 2226 temporis
1452 2149 1565 2232 signifi·

433 2255 507 2314 oetio
529 2257 583 2326 est,
605 2271 661 2328 qno
684 2257 809 2328 tompore
830 2255 950 2327 incipiet
970 2255 1108 2314 Dominus
1130 2257 1240 2314 seorote
1261 2253 1405 2314 hominurn
1428 2252 1564 2324 iudioere,

432 2373 489 2429 quo
509 2358 637 2432 tempore
658 2356 796 2418 tribunali
819 2356 929 2416 christi
951 2373 1049 2417 omnes
1070 2373 1124 2418 nos
1146 2360 1258 2429 oportet
1271 2359 1396 2428 enemo,
1420 2372 1476 2429 qno
1490 2358 1564 2413 tem·

431 2473 500 2532 poro
520 2457 606 2518 multi
628 2457 766 2533 inoipiont
791 2457 900 2518 diotre:
933 2459 1083 2519 Domine
1105 2458 1270 2530 Domine,
1302 2473 1420 2518 nonne
1442 2459 1478 2516 in
1500 2459 1600 2514 tuoro

429 2559 570 2619 nomine
602 2559 904 2634 prophetanimus
926 2564 963 2618 et
984 2561 1020 2618 in
1043 2564 1104 2619 tuo
1131 2561 1274 2619 nomine
1297 2557 1485 2618 doemonis
1506 2572 1563 2615 ex-

428 2658 621 2733 olnsinrus,
655 2663 691 2720 st
712 2661 748 2720 in
770 2663 832 2720 tuo
854 2647 1001 2721 nomino
1023 2662 1191 2721 uirtutes
1222 2660 1359 2720 multos
1380 2659 1561 2720 feoimns'?

428 2761 459 2818 et
479 2763 549 2821 tuno
570 2761 799 2823 eudientuooem
821 2761 934 2824 Domini
957 2763 1094 2824 dioentis:
1118 2763 1303 2822 dissedite
1325 2780 1342 2821 e
1364 2778 1416 2821 me
1437 2776 1563 2822 omnes

428 2862 491 2934 qui
512 2863 656 2935 opereti
684 2864 779 2924 ostis
801 2863 1057 2938 iniquitetorn,
1089 2881 1158 2923 nou
1184 2865 1271 2923 noui
1298 2880 1372 2922 nos.
1405 2861 1447 2921 ibi
1469 2862 1560 2920 edim·

428 2960 554 3036 plebitur
575 2965 649 3038 quod
675 2963 733 3024 eit:
768 2966 906 3040 nogebo
929 2969 966 3025 et
987 2981 1056 3040 ogo
1077 2964 1176 3024 illos.
1210 2981 1281 3040 quos
1310 2967 1406 3024 eutem
1441 2963 1595 3024 meximeee

427 3064 547 3135 negabit
579 3064 718 3126 Dominus
751 3064 900 3138 Christus,
934 3066 992 3126 nisi
1023 3083 1076 3128 nos
1109 3083 1206 3126 onmes
1239 3066 1398 3126 neerouoos
1425 3071 1455 3125 et
1481 3064 1560 3124 sehi-

428 3165 563 3224 emetioos
591 3168 620 3225 et
647 3165 770 3226 nominis
800 3167 846 3225 sui
874 3167 1004 3227 elienos'?
1038 3166 1088 3241 qni
1121 3168 1196 3226 enim
1217 3167 1370 3242 eliquendo
1403 3165 1560 3226 Dhristieni

494 3371 513 3423 4
532 3369 564 3422 ni.
582 3369 597 3423 1
616 3369 673 3425 (ior.
692 3369 718 3435 3,
736 3371 778 3425 12.
910 3371 1043 3427 sueton
1065 3371 1106 3436 10,
1123 3371 1166 3425 83.
1303 3371 1337 3424 12
1354 3370 1436 3424 Hebr.
1455 3371 1497 3434 10.
1514 3369 1557 3424 80.

426 3452 462 3508 20
480 3453 581 3508 Meton
598 3454 624 3518 i,
641 3454 684 3509 22.
702 3455 745 3512 23.
845 3456 882 3509 23
899 3456 938 3510 Io.
957 3455 983 3521 6,
1002 3457 1044 3512 68.

497 3642 512 3694 1
530 3641 649 3694 inuitum
668 3639 715 3702 Κ,
828 3657 881 3696 non
899 3642 1062 3712 metuerunt]
1082 3645 1235 3696 meruerunt
1253 3641 1286 3696 K
1413 3642 1432 3696 2
1449 3646 1478 3696 et
1495 3657 1556 3695 een·

427 3724 571 3796 gumane
673 3727 732 3796 ιω]
751 3729 780 3780 ιι
796 3725 830 3780 rs
915 3713 946 3780 'e
963 3727 1084 3781 memes
1102 3727 1201 3780 menes
1219 3726 1251 3781 rr
1350 3727 1474 3795 supro
1493 3725 1525 3780 K

427 3809 443 3862 ‘1
462 3810 593 3878 presumit
610 3811 641 3862 K
753 3811 771 3865 8
788 3809 835 3880 qui
853 3810 891 3874 Κ,
910 3825 998 3879 queo
1113 3811 1175 3864 Din
1193 3811 1273 3865 eeeiis
1291 3813 1366 3864 este
1480 3809 1555 3880 quid]

425 3893 474 3963 qui
490 3895 523 3950 Κ
622 3894 658 3949 10
674 3897 780 3950 stetnte
797 3895 835 3962 Κ,
853 3899 1028 3966 preeeepteo
1131 3895 1269 3951 oontendit
1285 3895 1319 3951 K
1420 3897 1452 3950 11
1470 3910 1555 3950 exem·

426 3979 503 4049 plnrn
521 3979 623 4036 dioboli
641 3983 734 4036 eeoute
749 3998 767 4035 e
882 3982 917 4035 12
933 3997 1004 4036 nuno
1022 3997 1107 4037 orreo
1220 3983 1363 4036 oonetnre
1478 3982 1512 4034 14
1530 3981 1555 4035 ei

427 4065 456 4117 et
472 4065 511 4130 Κ,
528 4065 567 4118 eis
583 4081 601 4118 o
703 4066 738 4120 15
754 4065 918 4136 intellegent
934 4084 953 4121 o
1055 4067 1265 4135 interpretentur
1281 4083 1299 4120 o
1402 4067 1433 4120 17
1452 4066 1481 4118 in
1499 4081 1557 4119 oee-

425 4147 462 4202 lie
480 4151 522 4204 eet
539 4166 557 4206 o
669 4149 705 4204 20
721 4149 856 4220 iunipinnt
873 4151 902 4203 Κ
1013 4150 1049 4208 21
1067 4150 1175 4206 nomine
1191 4152 1274 4205 tuoe
1385 4150 1420 4204 23
1437 4152 1502 4204 tuno
1519 4148 1557 4216 Κ,

426 4237 517 4288 temen
535 4253 551 4289 e
654 4235 687 4288 21
706 4235 809 4288 nomini
827 4235 860 4289 K
