4000 5066
480 459 545 526 244
954 458 1137 529 Appendix.

481 617 576 676 cedern
594 619 742 692 apostatas
757 617 848 690 feret,
874 617 1007 692 quisquis
1022 619 1077 678 boc
1091 617 1187 678 animo
1202 616 1287 689 uiuit,
1314 619 1346 676 ut
1362 615 1506 676 Christum
1522 632 1614 692 nega·

482 721 566 779 turus
581 717 630 792 sit,
645 719 670 780 ei
685 719 796 780 notum
811 719 948 780 bonorum
964 721 1016 779 aut
1034 718 1165 794 corporis
1180 719 1322 780 cruciabis
1336 722 1387 778 aut
1408 734 1485 777 more
1507 717 1547 776 eit
1562 733 1614 776 ee·

483 820 625 895 cipionda.
642 821 691 897 qni
702 795 741 882 lob
756 819 906 894 paululum
920 821 1058 896 pecuniae
1073 820 1183 894 peierat
1197 837 1236 880 an
1250 821 1277 880 is
1298 819 1443 880 merebitur
1464 821 1607 894 abnegare

481 923 635 996 Christum,
648 923 673 983 ei
686 926 749 984 tota
758 941 805 983 res
816 923 1005 998 roriclicotur,
1018 922 1044 982 si
1056 923 1213 984 intentetur
1223 921 1349 994 infamia,
1362 923 1498 982 carcerat
1510 923 1612 981 mors?

481 1026 531 1100 qni
546 1029 582 1086 ob
597 1024 762 1087 febriculam
777 1026 814 1086 ad
829 1025 1051 1086 incantatricum
1066 1025 1194 1086 mmedia
1207 1025 1338 1100 confugit
1352 1042 1389 1084 an
1404 1024 1430 1084 is
1444 1023 1528 1083 malit
1544 1040 1637 1084 orn-s

480 1127 576 1188 cietns
590 1131 680 1188 morte
694 1125 838 1190 tristiores
853 1127 980 1202 perterre
1007 1143 1094 1201 qnam
1109 1126 1223 1188 (lbristo
1238 1124 1423 1186 renuntiare?
1446 1126 1532 1186 immo
1562 1123 1612 1200 qni

480 1231 587 1290 totiens
601 1230 637 1289 ob
651 1229 768 1290 bronem
783 1229 878 1290 carnis
892 1229 1174 1301 delectatiunculam,
1189 1229 1225 1288 ob
1239 1231 1464 1290 momentaneam
1487 1227 1612 1302 gloriam

482 1332 578 1391 delicit
591 1349 610 1390 a
624 1331 747 1404 christo,
762 1331 852 1391 uitam
867 1329 987 1392 babebit
1001 1330 1088 1391 uilem
1103 1346 1155 1404 pro
1166 1329 1303 1390 cbristo?
1318 1347 1371 1390 nec
1381 1331 1458 1389 bunc
1469 1331 1612 1404 tyrannum

480 1433 549 1492 iecit
564 1435 734 1507 aposmtam
750 1433 800 1492 sed
814 1432 851 1491 ad
865 1437 1019 1508 tyrannum
1033 1431 1155 1492 accessit
1169 1435 1311 1506 apostata.
1333 1434 1477 1491 utentem
1500 1434 1546 1492 oet
1568 1430 1611 1490 si·

479 1533 557 1594 milis
572 1535 700 1595 certandi
714 1535 803 1608 ratio,
819 1535 862 1595 its
875 1534 977 1595 iisdem
989 1535 1078 1595 armis
1089 1533 1211 1594 fratrum
1222 1533 1310 1594 animi
1322 1533 1526 1594 communiendi
1539 1535 1609 1592 sunt
1620 1551 1651 1592 ro

480 1637 517 1696 ed
533 1638 586 1696 bas
609 1653 719 1710 pugnas
734 1638 838 1713 quibus
854 1636 1032 1698 ostendimus
1053 1635 1261 1696 confirmandos
1277 1638 1313 1694 ad
1328 1635 1506 1711 martyrium.
1537 1635 1612 1693 ddce

480 1742 536 1810 est,
551 1755 623 1813 quae
633 1742 744 1814 pugnat
757 1741 787 1799 et
801 1741 918 1813 superat
932 1739 963 1798 in
978 1738 1172 1822 martyribus:
1199 1755 1252 1798 nec
1276 1738 1428 1812 qnisquam
1454 1737 1561 1797 deiecit
1580 1738 1611 1796 in

480 1840 630 1900 tormentis
645 1839 701 1900 nisi
715 1840 781 1901 ddei
797 1840 920 1902 delectu.

430 1939 470 1998 36
524 1939 652 2002 &andus
667 1942 757 2018 igitur
772 1943 887 2003 assidue
903 1943 992 2016 Dens,
1018 1946 1051 2003 nt
1072 1941 1156 2002 tidem
1171 1942 1202 2002 in
1217 1942 1299 2002 nobis
1313 1943 1433 2016 segem:
1461 1941 1507 2000 set
1533 1940 1610 2000 euim

481 2043 534 2102 Dei
549 2045 652 2104 donum
668 2049 698 2104 et
711 2045 755 2103 illi
770 2045 890 2105 debetur
906 2046 999 2105 omnis
1021 2045 1157 2105 uictoriae
1179 2045 1281 2118 gloria.
1304 2045 1468 2117 ingeramus
1490 2041 1606 2102 illorum
1618 2065 1643 2104 rc

480 2145 584 2204 animis
599 2147 629 2204 et
642 2145 804 2220 inligamus,
831 2165 917 2222 quam
942 2147 1114 2206 horrendum
1144 2147 1250 2206 crimen
1273 2144 1312 2204 sit
1326 2145 1418 2204 omnis
1433 2143 1609 2216 idololatria,

480 2263 564 2320 quam
579 2264 678 2308 seuere
691 2248 794 2322 punita
807 2249 847 2308 sit
861 2267 880 2308 a
892 2250 951 2308 Doo
966 2247 1098 2322 sublege
1120 2250 1227 2320 uetere,
1250 2251 1319 2321 quot
1340 2247 1432 2306 millia
1453 2244 1611 2305 trucidarit

479 2347 593 2422 Moyses
608 2347 644 2408 ob
658 2349 781 2409 uitulum
796 2367 923 2409 aureum.
940 2351 1041 2409 deindo
1056 2353 1232 2424 proponatur
1247 2349 1420 2423 comparatio
1435 2346 1609 2406 manifestae

479 2448 660 2510 idololatrias
674 2468 737 2511 cum
753 2449 917 2511 immoletur
931 2452 1094 2513 simulacris
1116 2455 1145 2512 et
1159 2452 1288 2514 occultae
1303 2469 1365 2512 cnm
1389 2453 1532 2512 contemto
1547 2449 1608 2510 Deo

482 2549 615 2610 obeditur
630 2569 681 2625 per
701 2552 959 2627 concupiscentiam
985 2555 1113 2616 satanae.
1144 2553 1244 2613 deinde
1270 2553 1451 2613 conferantur
1475 2553 1551 2612 inter
1577 2565 1646 2614 seso

480 2651 558 2710 Deus
573 2653 637 2712 tone
651 2653 742 2713 omnis
755 2653 822 2713 boni
838 2657 867 2712 et
882 2655 1013 2714 diabolus
1027 2654 1120 2714 omnis
1134 2655 1262 2714 malitiae
1276 2655 1417 2729 princeps.
1442 2653 1609 2714 ostendatur

481 2757 511 2811 ot
526 2754 715 2828 inaequalitas
737 2755 932 2816 contubernii:
962 2757 992 2816 in
1007 2757 1099 2818 altera
1124 2760 1206 2831 parte
1227 2759 1295 2817 sunt
1317 2755 1371 2815 filii
1385 2756 1448 2829 Dei,
1475 2754 1608 2816 concines

480 2857 648 2930 angelorum
663 2860 693 2915 et
708 2857 826 2916 heredes
848 2859 951 2918 beatae
978 2855 1221 2918 immortalitatis:
1251 2858 1281 2916 in
1306 2858 1398 2917 altera
1423 2857 1477 2916 filii
1503 2857 1609 2930 Belial,

480 2959 602 3018 societas
618 2959 742 3020 omnium
757 2961 923 3021 daemonnm
939 2965 970 3022 et
980 2962 1101 3020 heredes
1116 2961 1272 3035 gehennae.
1295 2959 1456 3021 conferatur
1471 2962 1500 3020 et
1515 2961 1610 3035 impar

479 3058 601 3118 militiae
615 3077 720 3134 genus,
747 3063 946 3134 comparentur
962 3063 1076 3122 diuersa
1091 3063 1243 3136 stipendia.
1270 3063 1341 3122 baec
1362 3061 1387 3120 ei
1401 3062 1483 3136 prius
1498 3060 1644 3122 fuerintne

479 3177 616 3234 persuasa
630 3165 660 3222 et
674 3162 784 3222 intimis
798 3162 887 3223 infixa
901 3163 1079 3236 uisceribus,
1107 3163 1201 3223 facilis
1213 3165 1269 3222 erit
1294 3163 1424 3224 uictoria.
1446 3179 1522 3224 nuno
1536 3161 1609 3222 ddes

479 3264 579 3322 mudtie
594 3267 677 3324 natat
690 3265 719 3323 in
734 3265 830 3338 labiis,
847 3283 912 3325 curu
923 3266 954 3325 in
969 3267 1052 3326 corde
1067 3270 1118 3326 aut
1132 3266 1212 3325 nulla
1226 3265 1265 3324 eit
1280 3267 1330 3325 aut
1344 3267 1526 3325 uehementer
1541 3265 1609 3324 lan·

479 3369 575 3440 guest.
591 3365 656 3442 quie
666 3365 742 3426 euim
756 3384 812 3427 non
823 3368 982 3442 profitetur,
999 3370 1074 3443 quod
1085 3367 1116 3428 in
1127 3367 1345 3429 Deuteronomio
1357 3366 1495 3442 legimus:
1512 3367 1608 3440 audi,

477 3467 651 3527 Dominus
672 3469 767 3528 Deus
797 3473 891 3543 tuus,
915 3470 1089 3530 Dominus
1111 3487 1201 3530 unus
1230 3473 1307 3529 eet?
1341 3473 1385 3529 et:
1420 3468 1607 3529 Dominum

479 3570 590 3630 Deum
611 3571 711 3630 tuum
733 3571 923 3647 adorabis,
945 3576 982 3632 et
1003 3571 1065 3632 illi
1086 3573 1159 3633 soli
1181 3569 1350 3632 seruies?
1382 3572 1643 3646 quisnonquo·so

478 3671 550 3732 tidie
576 3673 678 3732 recitat
692 3690 740 3732 ors
769 3669 863 3734 ‘credo
878 3674 909 3733 in
924 3675 1014 3734 Deum
1030 3677 1142 3748 patrem
1157 3671 1397 3748 omnipotentem!
1425 3677 1457 3733 at
1471 3691 1527 3734 non
1543 3689 1605 3732 cre·

478 3773 521 3832 dit
536 3773 566 3831 in
581 3773 672 3833 Deum
689 3774 737 3847 qui
752 3774 782 3833 in
797 3792 830 3835 eo
847 3776 908 3836 solo
923 3775 1046 3837 collocat
1057 3775 1148 3836 totius
1159 3775 1308 3837 felicitatis
1317 3774 1538 3848 suaeddnoiam,
1553 3791 1607 3836 nec

477 3891 565 3934 unum
580 3875 666 3936 babet
681 3875 771 3936 Deum
786 3895 820 3937 ao
836 3877 987 3938 Dominum
1007 3877 1057 3953 qui
1072 3895 1123 3952 per
1138 3879 1347 3952 scortationem,
1374 3893 1426 3954 per
1450 3877 1548 3936 lurum
1575 3872 1608 3936 et

478 3977 628 4037 auaritiam
644 3981 761 4039 satanae
775 3979 847 4039 fecit
860 3981 1013 4054 imperata,
1025 3997 1078 4040 nec
1093 3980 1137 4040 illi
1153 3981 1207 4041 soli
1221 3980 1311 4042 seruit
1326 3981 1375 4057 qui
1392 3981 1485 4042 seruit
1498 3979 1605 4052 nentri,

478 4079 528 4155 qni
544 4081 657 4141 deditus
672 4079 799 4143 est'buic
813 4083 929 4156 mundo,
945 4083 1040 4157 quiin
1055 4101 1144 4159 prauo
1159 4083 1270 4158 positus
1284 4087 1338 4146 eet.
1617 4107 1643 4148 ss

545 4331 580 4385 28
597 4331 676 4385 Dent.
696 4331 720 4392 6,
738 4331 784 4400 34;
804 4336 845 4400 10,
863 4337 906 4392 20.
