4016 5054
759 426 805 478 De
822 423 956 493 duplici
974 425 1141 491 martyrio
1161 439 1183 476 c.
1201 424 1316 478 24-25.
1541 427 1604 490 237

464 587 536 646 dicit
559 573 684 660 ‘abnega
705 584 853 645 Christum
874 585 904 645 et
920 583 1037 644 immola
1059 583 1132 656 Ioui,
1162 588 1193 642 et
1208 587 1271 643 osto
1286 582 1394 643 amicus
1409 585 1521 655 noster,
1554 587 1606 643 aut

464 674 596 762 morere',
612 705 699 763 saepe
710 687 813 762 lingua
824 691 912 762 nogat
922 690 1006 748 corde
1015 688 1189 768 reclamante
1205 691 1235 747 ct
1249 704 1351 747 manus
1364 687 1460 746 adolet
1471 690 1528 761 tus,
1541 705 1605 748 cum

465 791 577 852 animae
592 793 673 852 intus
688 791 789 851 adoret
804 791 956 850 christum.
989 807 1161 865 quamquam
1187 791 1241 849 hoc
1267 808 1380 865 qnoque
1402 791 1605 866 gmniasimnm

468 897 514 954 est
528 895 645 967 crimen,
660 896 757 954 nmen
772 893 899 968 aliquam
915 891 1075 965 impietatis
1089 893 1204 966 culpam
1220 891 1317 952 eleuat
1329 894 1471 952 humanae
1486 895 1606 952 naturae

444 996 661 1057 aimbecillitas.
692 995 734 1056 ibi
751 999 868 1055 satanas
882 993 937 1054 tibi
952 995 1080 1070 loquitur
1095 1011 1165 1055 uoce
1180 996 1312 1070 tyranni:
1334 996 1365 1055 at
1379 995 1449 1068 quid
1465 994 1518 1054 tibi
1533 991 1606 1053 dicit

465 1099 541 1159 idem
566 1116 618 1172 por
642 1102 722 1158 taam
748 1099 1029 1171 concupiscentiam?
1050 1086 1176 1171 ‘abnega
1196 1097 1353 1169 Christum,
1384 1102 1414 1157 at
1429 1101 1491 1157 esto
1505 1097 1602 1156 diues:

465 1199 593 1260 sacrifica
607 1201 787 1260 Mannonae
802 1201 832 1259 et
847 1199 960 1258 Ohmsto
977 1200 1110 1258 nuntium
1122 1190 1256 1258 remitto?
1280 1199 1349 1272 quid
1364 1199 1498 1273 estquod
1515 1196 1602 1271 polli-

343 1374 347 1385 .
466 1305 567 1362 cetur?
583 1318 683 1362 aarum
699 1305 729 1362 et
744 1304 907 1376 argentum,
924 1301 1056 1362 inutilem
1071 1301 1223 1362 materiam
1238 1301 1295 1360 nisi
1310 1317 1453 1361 exerceas.
1472 1316 1523 1359 noc
1534 1297 1604 1356 dicit

461 1393 584 1465 'morare
614 1405 665 1465 sed
691 1403 805 1465 oblecta
830 1393 945 1476 oculos’,
969 1404 1054 1465 immo
1080 1405 1177 1477 potius
1203 1405 1258 1464 hoc
1279 1403 1351 1464 dicit
1371 1391 1492 1463 ‘lucrare
1514 1417 1602 1476 pecu·

435 1507 548 1566 soniam
563 1508 600 1566 ad
614 1507 701 1566 breue
716 1510 831 1580 tempus
845 1505 997 1566 habiturus
1014 1509 1044 1564 et
1060 1505 1148 1580 perde
1159 1507 1191 1565 in
1202 1509 1353 1566 aeternum
1368 1505 1492 1564 animam
1506 1492 1604 1562 tuam’.

467 1613 497 1668 ot
509 1612 608 1668 tamen
623 1609 672 1668 hic
687 1611 789 1683 sponte
805 1608 954 1667 submittis
971 1625 1065 1682 genna
1080 1610 1199 1668 satanae
1226 1610 1258 1668 at
1282 1607 1425 1682 abnegato
1441 1606 1555 1666 Christo
1577 1607 1606 1665 te

465 1713 557 1770 totum
579 1708 624 1769 illi
647 1711 804 1783 mancipes.
842 1708 910 1782 quid
933 1711 1026 1768 cutm
1050 1709 1204 1768 Christus?
1218 1698 1311 1768 ‘mene
1340 1712 1402 1767 esto
1430 1711 1460 1767 at
1486 1707 1550 1766 uina
1577 1707 1606 1764 in

467 1816 632 1872 aetornum:
662 1815 812 1872 contemne
841 1813 959 1871 diuitiae
988 1812 1060 1871 istos
1090 1813 1295 1886 temporariae,
1326 1814 1356 1870 et
1383 1827 1436 1886 ago
1463 1810 1517 1869 tibi
1539 1827 1606 1869 cen·

467 1912 579 1986 tuplum
610 1930 747 1987 reponam
777 1913 806 1970 in
835 1913 890 1972 hoc
925 1913 1038 1972 scroculo
1069 1916 1099 1972 et
1131 1914 1221 1972 uitam
1262 1916 1408 1972 aeternam
1437 1912 1468 1970 iu
1498 1912 1605 1970 futuro.

433 2013 597 2087 rerelinque
627 2018 735 2073 terram
764 2017 795 2072 et
822 2014 920 2088 accipe
946 2003 1074 2074 coelnnr’.
1112 2031 1146 2073 ac
1174 2013 1252 2074 Deua
1278 2015 1335 2072 isto
1364 2013 1501 2086 pollicens
1523 2013 1606 2071 dese-

467 2116 551 2189 ritur,
582 2119 611 2174 et
638 2116 770 2175 diabolus
796 2119 856 2176 tam
883 2115 967 2175 nihili
1001 2131 1176 2190 roseasque
1200 2115 1275 2174 selec
1304 2115 1475 2188 promittens
1503 2114 1606 2173 adora·

466 2221 524 2278 tur.
562 2235 578 2277 o
608 2217 722 2278 foedam
755 2217 951 2278 delectionem.
992 2235 1009 2278 o
1041 2221 1154 2292 turpem
1188 2217 1390 2277 idololatriam.
1434 2235 1450 2277 o
1480 2217 1606 2291 iniquam

467 2305 717 2394 pemratationem.
749 2337 805 2393 qno
819 2321 946 2394 praemio
961 2320 1132 2380 sollicitauit
1145 2321 1265 2380 humani
1287 2321 1402 2394 generis
1423 2321 1530 2395 primos
1555 2334 1607 2376 au·

467 2425 585 2482 ctorosl
601 2423 729 2482 ostendit
743 2440 859 2495 pomum
873 2426 903 2481 et
917 2423 997 2481 dedit
1010 2427 1140 2483 morum.
1156 2424 1305 2484 mendacio
1321 2422 1440 2482 fefellit:
1453 2441 1522 2482 uon
1538 2438 1605 2482 mo·

431 2523 636 2596 soriamini,
660 2523 723 2583 sed
746 2523 859 2583 eritis
882 2525 1071 2596 sicrrtllii,
1087 2525 1606 2585 scientesbonumetmalum.

463 2627 551 2698 atque
566 2624 611 2683 illi
627 2624 721 2684 delusi
734 2625 847 2698 qualem
860 2625 1010 2684 Dominum
1023 2627 1212 2686 deseruerunt
1229 2629 1258 2685 et
1269 2627 1306 2685 ad
1318 2643 1402 2700 quem
1417 2627 1606 2686 deiecerunt?

464 2743 554 2800 equa
569 2726 710 2786 felicitate
727 2727 894 2787 exciderunt
922 2731 949 2784 ct
976 2727 1095 2800 inques
1121 2745 1271 2787 aerumnas
1295 2732 1386 2787 semet
1401 2729 1604 2787 coniecerunt?

465 2830 516 2889 scd
527 2829 602 2889 idem
615 2829 666 2888 ille
677 2832 860 2890 tenebrarum
871 2830 1003 2904 princeps
1019 2831 1069 2903 qni
1080 2830 1159 2890 Erine
1175 2831 1290 2891 locutus
1305 2835 1350 2889 est
1364 2846 1416 2903 por
1431 2832 1604 2904 serpentem,

345 2935 348 2941 '
464 2931 548 2992 nobis
563 2933 694 3006 loquitur
716 2950 767 3006 per
790 2931 933 2992 satellites
948 2949 1013 2993 suos
1030 2951 1064 2992 ac
1080 2933 1247 3005 ministros,
1271 2951 1322 3008 per
1336 2933 1418 2992 lenae
1432 2937 1463 2992 et
1477 2933 1604 3006 lenones,

430 3048 517 3107 aper
531 3051 580 3094 cos
595 3035 646 3107 qui
661 3033 813 3107 pelliciunt
826 3035 863 3093 ad
889 3051 1015 3096 amorem
1040 3037 1175 3108 pecuniae
1191 3037 1227 3094 ad
1243 3037 1428 3096 ambitionem
1449 3037 1485 3094 ad
1503 3037 1604 3110 uolup-

464 3137 564 3207 tatem,
579 3137 737 3195 auocantes
752 3152 771 3193 a
786 3137 950 3196 sinceritate
962 3153 1035 3211 quae
1052 3140 1098 3195 est
1113 3137 1143 3194 in
1158 3137 1273 3196 christo
1288 3139 1364 3196 Iesu.
1386 3138 1463 3196 idem
1485 3137 1535 3196 ille
1558 3138 1603 3198 lo-

464 3237 562 3309 quitur
587 3237 671 3296 nobis
698 3256 750 3311 per
775 3239 1020 3312 concuspiscentiae
1046 3243 1162 3299 nostras
1184 3255 1257 3312 quae
1284 3240 1389 3299 uiuunt
1411 3240 1442 3298 in
1468 3239 1605 3299 membris

464 3340 584 3400 nostris.
598 3356 652 3400 nec
667 3340 739 3400 dicit
754 3341 829 3415 quod
844 3341 928 3402 homo
944 3345 1099 3416 tyrannus:
1127 3331 1189 3401 ‘eut
1210 3343 1282 3401 milri
1297 3345 1463 3417 optempera
1477 3345 1528 3401 aut
1543 3358 1605 3401 mo·

464 3431 545 3514 rare',
572 3460 625 3502 nec
640 3446 769 3502 ostentat
791 3460 918 3504 carceres
949 3447 1064 3504 catenes
1091 3444 1210 3504 nndnos
1236 3445 1398 3518 senagines
1413 3447 1465 3502 aut
1479 3445 1606 3504 caminos

429 3554 455 3594 ee
465 3545 605 3616 incensos,
621 3562 678 3605 non
691 3561 789 3604 cruces
801 3543 920 3618 laqueos
932 3548 982 3604 erut
993 3547 1117 3620 gladios,
1130 3546 1181 3605 sod
1192 3549 1322 3604 tantam:
1336 3533 1497 3604 ‘contemne
1505 3546 1605 3621 Deum,

464 3645 599 3704 renuntia
613 3645 692 3705 niteo
707 3645 842 3706 caelestis
858 3647 1023 3718 hereditati,
1049 3650 1079 3706 et
1095 3647 1241 3706 committe
1256 3648 1440 3718 adulterium,
1463 3650 1493 3706 at
1507 3648 1605 3722 capies

465 3732 665 3820 uoluptatem’.
693 3750 745 3807 sod
770 3748 908 3822 quaterne
937 3752 1163 3810 momentaneam
1185 3753 1216 3810 et
1237 3749 1364 3824 corporis
1380 3753 1507 3809 tantum:
1534 3753 1605 3825 quot

464 3852 561 3908 autem
576 3849 817 3909 amaritudinibus
833 3852 1002 3911 conditam?
1033 3851 1153 3911 infamia
1167 3852 1304 3925 periculo,
1321 3851 1517 3925 superomnia
1533 3868 1601 3911 uero

465 3955 575 4012 secreto
591 3952 783 4012 conscientiae
799 3955 938 4012 cruciata.
969 3955 1039 4014 haec
1054 3959 1100 4014 est
1116 3970 1182 4013 osca
1196 3954 1312 4028 diaboli,
1336 3954 1390 4015 hoc
1404 3958 1602 4015 auctoramen-

431 4056 536 4112 aotum.
553 4053 730 4127 stipendium
746 4073 832 4128 porro
847 4057 930 4131 qrrale
947 4059 1012 4116 est?
1037 4057 1114 4116 dicat
1136 4058 1241 4117 mucre
1265 4075 1329 4117 cnm
1345 4057 1399 4118 lide
1414 4060 1519 4120 bacam
1534 4074 1603 4131 apo·

536 4307 568 4358 19
587 4305 652 4360 Gen.
673 4307 698 4368 3,
717 4309 742 4362 4.
762 4311 786 4360 τ’).
