4012 5056
1006 401 1097 458 vita
1558 422 1622 472 0111

479 562 574 627 exilio
597 579 663 628 esse
684 559 787 626 uoluit
807 561 1007 626 desecatum
1030 558 1173 640 passione
1196 576 1350 637 securum,
1373 561 1411 624 ut
1425 559 1623 625 imminentis

480 664 626 749 martyrii
647 664 785 748 pleniore
806 662 923 730 fidueia
944 680 1007 728 non
1027 662 1150 730 exulem
1169 661 1389 730 tantummode
1404 659 1545 729 onum
1566 661 1623 729 sed

481 768 515 833 et
528 767 701 852 martyrem
716 765 898 849 possideret
909 758 957 831 ‘eo
969 765 1054 831 enim
1068 765 1121 830 die
1135 782 1195 848 quo
1207 764 1241 830 in
1252 765 1339 830 exilii
1353 764 1421 831 loeo
1436 754 1623 831 mansimus’

482 868 570 955 (nam
586 870 619 946 et
631 887 684 935 me
703 868 787 934 inter
807 867 994 935 domesticos
1014 867 1145 934 comites
1166 867 1305 953 dignatio
1327 867 1468 934 cantatis
1483 868 1551 934 eius
1565 868 1622 935 de-

461 973 605 1058 elegerat
620 973 743 1038 exulem
757 972 982 1050 uoluntarium,
998 972 1081 1054 quod
1092 971 1215 1038 utinam
1227 973 1259 1038 et
1268 971 1303 1037 in
1311 973 1456 1055 passione
1466 971 1622 1056 lienisset)

480 1067 636 1159 ‘apparuit
653 1061 744 1139 mihi'
762 1073 868 1157 inquit
883 1067 1032 1139 ‘nondum
1047 1074 1148 1140 somni
1163 1073 1269 1156 quiete
1283 1074 1385 1158 sopito
1400 1074 1523 1139 iuuenis
1538 1075 1624 1140 ultra

481 1177 611 1244 modum
639 1175 776 1244 hominis
804 1175 952 1241 inermis:
982 1176 1038 1258 oui
1066 1194 1139 1242 eum
1168 1192 1220 1241 me
1244 1175 1336 1258 quasi
1361 1175 1402 1240 ed
1428 1175 1622 1260 praetorium

480 1280 619 1359 dueeret,
643 1279 775 1346 uidebar
796 1277 878 1344 milri
897 1277 1052 1344 tribunali
1073 1279 1211 1345 sedentis
1232 1279 1427 1362 proconsulis
1449 1277 1621 1344 udmoumi

479 1383 557 1449 isut
571 1382 605 1449 in
619 1403 671 1449 me
685 1383 831 1468 respexit,
847 1381 999 1460 adnotare
1014 1381 1126 1447 stetim
1142 1367 1244 1465 eoepit
1258 1382 1292 1447 in
1306 1380 1417 1447 tabula
1431 1380 1623 1448 sententiam

444 1509 472 1550 ιο
481 1503 575 1570 quam
595 1503 657 1551 non
677 1486 825 1565 seiebem,
846 1485 928 1552 nihil
942 1485 1026 1550 enim
1040 1484 1079 1551 de
1094 1501 1146 1550 me
1160 1484 1255 1551 solita
1268 1484 1512 1570 interrogatione
1526 1504 1623 1569 quae·

479 1573 583 1655 eierat
605 1587 660 1655 sed
681 1587 766 1656 enim
786 1585 911 1653 iuuenis
925 1586 979 1670 qui
995 1588 1117 1672 atergo
1133 1585 1200 1653 eius
1215 1585 1319 1652 stabat
1333 1585 1504 1652 admodum
1518 1587 1622 1652 eurio·

479 1709 533 1756 sus
546 1690 628 1774 legit
642 1689 795 1771 quidquid
809 1689 915 1754 fuerat
929 1689 1125 1755 adnotatum.
1142 1689 1261 1772 etquis
1274 1689 1347 1754 inde
1362 1688 1469 1754 uerbis
1483 1689 1623 1772 proferre

478 1809 541 1858 non
559 1792 691 1873 poteret,
712 1791 792 1856 nutu
813 1789 989 1855 deolurunte
1009 1790 1201 1855 monstrauit
1219 1790 1296 1872 qnid
1310 1791 1344 1856 in
1358 1790 1476 1855 litteris
1491 1791 1622 1856 tabulae

479 1894 568 1960 illius
592 1895 746 1976 ageretur.
774 1910 870 1957 manu
897 1893 981 1957 enim
1008 1910 1142 1972 expansa
1167 1892 1200 1957 et
1225 1893 1421 1975 oomplanata
1446 1893 1486 1957 ud
1513 1894 1623 1976 spatae
1699 1957 1707 1975 ,

445 1995 610 2064 amodum
637 1994 738 2061 iatum
763 1994 876 2060 solitas
900 1993 1181 2061 animaduersionis
1202 1993 1358 2072 imitatus,
1385 1995 1470 2077 quod
1494 1994 1624 2060 uolebat

479 2097 634 2182 intellegi,
650 2100 690 2164 ad
702 2098 803 2164 instar
813 2097 928 2180 liquidi
939 2098 1092 2162 sermonis
1104 2097 1264 2181 expressit.
1276 2097 1419 2165 intellexi
1432 2097 1623 2164 sententiam

479 2199 633 2283 passionis
658 2200 810 2265 futuram.
837 2216 947 2284 rogare
975 2199 1062 2280 eoepi
1083 2199 1116 2264 et
1135 2201 1242 2282 petere
1267 2199 1424 2277 mutinae,
1451 2198 1490 2264 ut
1509 2198 1622 2265 dilato

479 2301 560 2366 mihi
582 2301 634 2365 uel
655 2301 747 2367 unius
769 2301 832 2367 diei
851 2304 1082 2385 prorogaretur,
1103 2300 1201 2366 doneo
1214 2321 1263 2366 res
1277 2319 1363 2367 mess
1377 2301 1524 2385 legitime
1538 2301 1623 2367 ordi-

480 2402 608 2469 natione
629 2403 835 2486 disponerem.
857 2406 891 2469 et
905 2422 978 2470 eum
990 2422 1097 2488 preoes
1117 2403 1297 2488 frequenter
1315 2403 1492 2482 iterassem,
1513 2421 1622 2468 rursus

445 2504 514 2569 sein
529 2505 639 2571 tabule
659 2506 803 2588 eoeperat
822 2505 926 2570 neseio
947 2506 1024 2587 qnid
1045 2505 1203 2571 adnotare.
1224 2507 1307 2571 sensi
1328 2506 1435 2571 tamen
1456 2507 1494 2572 de
1515 2504 1624 2570 uultus

482 2607 652 2673 serenitate
673 2606 788 2673 iudieis
808 2609 948 2673 mentem
969 2607 1060 2690 quasi
1080 2607 1166 2673 iusta
1178 2609 1330 2691 petitione
1345 2606 1546 2685 commotam.
1569 2607 1625 2672 sed

481 2710 514 2775 et
527 2709 585 2774 ille
603 2709 737 2785 iuuenis,
758 2707 813 2791 qui
833 2709 899 2773 iam
919 2706 1041 2774 dudum
1057 2709 1094 2774 de
1109 2709 1262 2792 passionis
1277 2709 1394 2775 indieio
1409 2712 1503 2795 gestu
1518 2710 1625 2792 potius
1701 2709 1703 2713 ’

481 2830 578 2894 quum
592 2829 733 2879 sermone
747 2810 940 2897 prodiderat,
956 2811 1149 2878 clandestino
1163 2811 1335 2879 identidem
1349 2814 1430 2879 nutu
1446 2831 1625 2880 conoessum

481 2912 674 2993 dilationem,
697 2914 824 2996 quaein
839 2913 1013 3008 erastinum
1033 2914 1211 2998 petebatur,
1232 2914 1383 2980 eontertis
1400 2917 1473 2996 post
1487 2915 1625 2981 inuioem
1673 2900 1677 2908 ’

534 3114 719 3168 lseoutamao
858 3115 1015 3169 idduoiam
1032 3117 1058 3168 T
1188 3115 1578 3185 eurubip,eornbieo,euruis
1592 3119 1626 3184 Τ,

484 3199 598 3255 eurlust
674 3197 890 3269 3possideratao
959 3199 1084 3269 eoonim]
1097 3202 1234 3256 eteumw
1303 3201 1366 3272 quo]
1379 3201 1592 3272 quoprimurno

483 3285 771 3342 mansurusiametso
871 3285 1091 3356 ddignationep
1189 3284 1380 3355 deleguutaoo
1478 3287 1625 3357 butinam]

484 3375 518 3426 ut
528 3387 553 3426 eo
645 3375 674 3426 et
686 3387 736 3427 om.
748 3388 794 3442 sup
871 3371 875 3379 ’
891 3371 909 3427 6
920 3371 1013 3440 inquit
1025 3371 1095 3426 mihi
1108 3370 1134 3425 Τ
1223 3371 1344 3427 nundum
1356 3389 1382 3426 ro
1477 3373 1493 3426 l
1506 3372 1626 3427 hominis

484 3472 565 3514 orn-o
692 3457 809 3512 enormis
820 3473 866 3528 pe,
878 3457 1031 3511 enormisw
1157 3457 1462 3526 Suadentis1tumudd.
1477 3461 1626 3526 patmon

484 3541 549 3598 odd
562 3558 588 3596 ro
738 3541 975 3613 proeonsulis1pro
987 3541 1138 3613 singulisp
1294 3542 1311 3598 9
1323 3543 1348 3598 is
1359 3545 1393 3598 ut
1404 3543 1434 3597 in
1446 3544 1497 3615 me]
1510 3543 1554 3597 uti
1567 3542 1595 3599 Τ
1686 3563 1688 3568 ’

484 3629 595 3684 tabulas
607 3628 635 3684 Τ
730 3628 766 3684 10
776 3628 1016 3699 interrogationem
1030 3629 1057 3683 Τ
1150 3629 1184 3684 11
1195 3629 1268 3700 inde]
1280 3629 1309 3684 in
1321 3645 1347 3694 eo
1445 3629 1580 3699 praeferre
1592 3629 1626 3695 Τ,
1689 3671 1692 3678 .

482 3713 582 3769 referre
592 3730 639 3785 top
713 3714 748 3768 13
760 3714 832 3783 quod
845 3715 872 3770 T
940 3714 974 3769 14
984 3714 1073 3785 illius]
1085 3715 1160 3770 omni
1171 3731 1198 3770 so
1266 3715 1402 3785 meretur]
1414 3715 1561 3770 haberetur
1573 3733 1591 3772 o

482 3815 595 3870 expansa
606 3802 636 3855 et
646 3798 826 3870 deplanatap
926 3800 1024 3870 spatha
1039 3801 1065 3855 Τ
1167 3799 1202 3856 15
1213 3801 1284 3855 lotus
1294 3818 1328 3867 ro,
1341 3801 1400 3855 iota
1411 3820 1441 3870 p,
1452 3803 1553 3856 ieetum
1568 3801 1595 3856 Τ

484 3885 518 3941 16
530 3886 665 3956 inteuegi]
679 3879 868 3956 intangil'·
962 3884 1137 3940 intellexitao
1259 3887 1292 3940 17
1305 3901 1553 3956 rogareemregere
1567 3888 1595 3943 T

483 3973 613 4044 eoepitT
724 3970 972 4028 delatiomiliiaol
986 3971 1013 4026 Τ
1127 3971 1162 4029 18
1173 3973 1402 4044 praeregarsturt
1516 3971 1625 4028 monol.

483 4058 683 4114 ordinationem
696 4059 723 4114 Τ
828 4057 864 4113 20
875 4059 905 4113 in
917 4073 969 4114 mro.
980 4075 1006 4114 w
1113 4060 1203 4115 neseio
1215 4057 1281 4129 quid
1294 4059 1367 4127 (quis
1381 4060 1415 4126 w)
1427 4060 1534 4129 oeparet
1546 4075 1592 4128 sep

483 4145 589 4216 uultus]
602 4144 698 4200 rnultia
709 4161 736 4200 so
828 4145 862 4199 21
876 4144 979 4199 iustam
990 4141 1152 4213 petitionem
1168 4143 1195 4198 T
1283 4143 1319 4198 22
1330 4143 1363 4198 do
1375 4159 1428 4199 om.
1439 4160 1465 4199 ao
1555 4141 1628 4198 iudi·

485 4229 585 4301 oiewp
712 4228 938 4286 idolamdestino
953 4227 985 4293 T,
999 4226 1220 4300 dandenatinop'
1341 4227 1499 4300 identidem]
1513 4227 1586 4284 idem
1598 4229 1628 4284 id

484 4319 528 4370 ost
539 4316 566 4370 1·
668 4315 704 4370 24
715 4315 877 4370 dilationem
890 4330 943 4384 quo
956 4329 989 4381 so,
1002 4329 1134 4385 quemque
1147 4315 1174 4370 Τ
1274 4314 1422 4383 petebatur
1435 4314 1462 4368 Τ
