4016 5054
453 426 517 492 216
924 419 1110 488 Appendix.

452 581 623 655 promittens
637 579 774 640 Dominus
794 579 825 638 in
851 579 994 650 futurum,
1024 576 1085 651 qui
1106 575 1211 650 (ligni
1243 575 1440 650 hahentur,
1475 573 1582 648 inquit,

453 681 598 742 saeculi
630 680 738 740 illius
760 683 797 740 et
819 677 1110 740 resurrectionis
1140 694 1158 736 a
1184 677 1358 750 mortuis,
1381 691 1499 750 neque
1520 691 1581 733 nu·

452 784 541 843 bont
563 780 899 856 nequenuhentur,
921 777 1146 854 nequeenim
1161 778 1377 838 morientur.
1399 793 1477 836 narn
1492 777 1583 836 snut

452 885 602 945 similes
634 882 784 958 angelis
812 883 892 943 Dei:
927 881 1015 958 quia
1046 880 1342 941 resurrectionis
1371 879 1451 939 lilii
1484 881 1580 939 sunt.

451 989 505 1048 hoc
520 987 612 1061 exigit
626 987 727 1046 sancta
742 985 931 1060 singularitas
946 984 1121 1055 meritorum,
1146 986 1178 1042 ut
1192 985 1345 1058 antequam
1357 982 1579 1056 transfiguretur
1591 998 1603 1036 s

451 1089 511 1149 ium
535 1087 742 1163 transfigurata
767 1089 901 1148 cernatur
924 1087 955 1146 in
981 1085 1129 1160 angelicae
1155 1084 1297 1146 claritatis
1319 1088 1476 1158 aspectum,
1506 1099 1579 1158 quae

451 1191 547 1250 omnia
572 1190 629 1250 sibi
655 1193 805 1264 amputans
832 1189 1079 1264 concupiscentiae
1094 1188 1250 1247 certamina
1264 1187 1468 1262 depraedatur:
1499 1184 1581 1244 cuius

450 1290 551 1352 landes
566 1291 698 1352 Salomon
713 1291 881 1366 exsequitur
895 1290 1008 1350 dicens:
1031 1288 1167 1349 melius
1189 1291 1247 1348 est
1268 1304 1352 1348 esse
1375 1286 1456 1346 sine
1478 1285 1581 1346 liliis

450 1393 739 1454 cumclaritate.
770 1391 1028 1452 inmortalitas
1043 1390 1208 1450 estenim
1223 1390 1259 1449 in
1274 1388 1581 1460 momoriaillius‚

450 1510 540 1572 quae
574 1497 610 1552 et
642 1495 735 1568 apud
757 1495 868 1553 Deum
901 1497 989 1553 nota
1022 1494 1078 1553 est
1115 1494 1151 1552 st
1172 1492 1267 1566 apud
1289 1493 1463 1552 homines.
1500 1507 1611 1552 cumro

448 1613 631 1670 praesens
652 1597 710 1656 est
738 1595 936 1656 imitantur
963 1594 1083 1666 illem,
1106 1597 1143 1653 et
1168 1593 1385 1653 desiderant
1406 1609 1480 1651 earn
1502 1608 1582 1653 cum

450 1713 488 1757 ee
524 1698 736 1757 abduxerit:
775 1700 811 1757 et
840 1696 876 1755 in
910 1699 1127 1770 perpetuum
1164 1698 1341 1756 coronata
1376 1695 1583 1770 triumphet

449 1798 813 1873 incoinquinatorum
837 1798 1077 1859 certaminum
1098 1798 1282 1870 proelium
1304 1799 1466 1858 uincens.

398 1912 438 1968 41
492 1899 559 1958 Non
574 1902 619 1959 sat
633 1901 695 1959 sine
710 1899 779 1958 liliis
795 1917 859 1958 cum
874 1899 1007 1958 claritate
1029 1897 1087 1956 nisi
1109 1898 1298 1973 singularitas
1323 1899 1394 1970 sola,
1421 1915 1506 1972 quam
1522 1915 1580 1956 non

451 2000 546 2060 solum
561 2001 735 2060 couscientia
750 2017 804 2060 sua
826 1999 915 2060 nullis
930 1999 1064 2059 sordibus
1079 2000 1213 2072 maculat,
1239 2001 1291 2060 sed
1305 1999 1392 2060 etiam
1406 2000 1503 2059 nullae
1517 1998 1580 2072 opi·
1592 2022 1616 2062 ra

450 2100 552 2161 uiousa
568 2104 717 2175 suspectae
732 2101 890 2175 parilitatis
905 2101 1056 2160 infamant.
1087 2118 1155 2160 nam
1180 2102 1206 2160 si
1220 2103 1338 2161 castitas
1352 2102 1428 2175 qnod
1443 2104 1488 2160 est
1503 2101 1580 2159 uim-

453 2201 508 2261 cile
525 2203 682 2262 masculum
697 2205 727 2262 et
741 2202 876 2263 feminam
891 2203 1001 2276 pariter
1015 2204 1046 2263 in
1061 2203 1230 2276 uirginitate
1244 2205 1402 2274 conseruet,
1424 2221 1480 2262 non
1494 2202 1582 2263 hahet

452 2302 625 2374 claritatem,
643 2320 728 2378 quam
743 2304 933 2365 communitas
944 2305 1008 2378 ipsa
1022 2322 1080 2364 non
1094 2305 1191 2378 potest
1204 2305 1261 2364 nisi
1276 2304 1446 2378 quibusnam
1460 2304 1579 2378 probro·

450 2404 571 2463 sitstum
587 2404 713 2463 tenebris
729 2405 892 2465 obscurare.
911 2406 1099 2480 singularitas
1115 2421 1183 2467 nero
1198 2405 1240 2465 ita
1254 2405 1332 2466 clara
1345 2403 1393 2465 est
1403 2405 1533 2466 omnibus
1547 2407 1578 2464 et

451 2510 560 2577 exerta,
584 2509 616 2564 ut
630 2507 740 2565 eunctis
756 2507 906 2582 splendore
921 2508 967 2567 sui
982 2509 1114 2568 mollonis
1128 2525 1200 2582 pura
1215 2507 1415 2566 manifestetur
1429 2509 1458 2566 et
1472 2505 1576 2567 lucida.
1587 2525 1613 2566 ro

449 2605 928 2688 undenossicapostolnsadocei
951 2609 1065 2671 diceus:
1098 2611 1197 2670 sicut
1226 2608 1306 2669 lilii
1335 2608 1431 2668 lucis
1461 2608 1578 2668 ambu-

448 2706 547 2769 late:
578 2709 724 2769 fructus
756 2709 856 2770 enim
888 2710 1045 2772 luminis
1078 2714 1137 2772 est
1170 2714 1205 2772 in
1233 2713 1328 2772 omni
1349 2711 1523 2771 bonitate
1545 2713 1581 2771 st

448 2807 605 2868 institia
650 2813 686 2871 et
722 2811 903 2883 ueritate,
936 2812 1142 2886 probantes
1171 2815 1264 2888 quod
1301 2813 1580 2886 heneplacitum

448 2910 500 2970 sit
529 2911 609 2972 Deo.
640 2915 671 2973 et
698 2912 819 2985 iterum,
850 2912 984 2988 omnia,
1021 2913 1126 2989 inquit,
1167 2915 1287 2975 facite
1317 2915 1396 2975 eine
1425 2931 1579 2975 murmu-

446 3013 595 3072 ratione
626 3017 663 3073 et
684 3015 955 3087 haesitatione,
979 3017 1020 3074 ut
1042 3017 1134 3074 sitis
1155 3017 1615 3090 inreprehensibiloaetrs

447 3112 643 3186 simplices
666 3113 765 3173 sicut
786 3114 871 3174 lilii
893 3116 957 3175 Dei
979 3114 1210 3176 immaculati
1225 3117 1261 3175 in
1276 3117 1389 3177 medio
1411 3118 1582 3176 nationis

447 3217 862 3291 prauaeetpsruereae‚
885 3218 988 3279 inter
1003 3219 1246 3293 quoslucetis
1262 3222 1360 3282 sicut
1381 3220 1581 3280 luminaria

515 3413 795 3481 mmmmm
964 3417 1193 3488 smum.
1369 3417 1579 3488 emas

445 3496 735 3563 mmmmm

518 3684 733 3754 1promsrec¹
837 3687 867 3740 in
884 3702 970 3743 omo
1080 3686 1172 3756 inquit
1188 3687 1356 3743 hahenturo
1458 3689 1580 3756 tneque

445 3769 475 3834 0,
495 3785 584 3824 nono
703 3770 806 3825 nubent
824 3786 861 3826 ea
876 3771 1120 3827 sulcatorias?
1239 3771 1431 3828 emeritorum
1450 3772 1480 3836 0,
1499 3773 1581 3828 oleri·

445 3871 572 3910 cornmo
691 3856 920 3912 Simmortalitae
938 3874 974 3913 ex
992 3859 1143 3912 inmortalis
1165 3857 1275 3912 (imit
1407 3859 1441 3914 10
1458 3875 1526 3928 quac
1549 3859 1580 3924 G,

445 3939 544 4008 quiae
660 3942 693 3996 12
710 3940 858 3999 duxeritG
970 3946 998 3998 et
1016 3943 1040 3998 0
1055 3960 1076 3998 e.
1095 3944 1113 3998 l.
1131 3947 1203 3998 Μ
1318 3945 1351 3998 15
1368 3945 1491 4000 cordibus
1510 3945 1545 4000 0¹

445 4025 479 4078 16
496 4025 654 4109 parilitatis
668 4027 882 4096 0,p1nra1lcncrs
901 4046 919 4085 o
1006 4029 1039 4082 17
1057 4045 1110 4083 uon
1127 4028 1277 4084 delendam
1294 4037 1383 4085 comet
1401 4033 1543 4085 Pcmelius

445 4109 587 4182 requam]
607 4126 658 4180 quo
677 4099 1012 4173 Caenicenses
1104 4115 1138 4170 19
1155 4113 1290 4170 obscurari
1308 4131 1343 4170 ex
1360 4114 1545 4172 sonneras

443 4196 478 4249 21
497 4197 536 4251 sic
553 4213 636 4254 noso
721 4198 757 4253 23
773 4198 839 4268 quid
862 4200 897 4257 0¹
982 4199 1018 4255 25
1035 4199 1216 4255 haesitatione
1234 4216 1269 4256 ec
1286 4201 1419 4256 haesitato
1441 4201 1543 4258 (ΗΝ

444 4280 481 4336 27
500 4281 614 4336 luceatis
638 4283 673 4339 0¹
