4012 5056
416 393 457 460 10
893 392 1078 462 appendia

415 565 478 608 oum
502 547 628 608 hominia
649 565 755 609 aanora
775 564 845 609 uoce
865 549 1042 610 contendens
1056 547 1162 624 spiritu
1177 565 1229 609 auo
1245 563 1330 623 quem
1345 548 1380 608 de
1394 545 1554 608 uiatoribus

414 649 477 710 auio
492 650 687 724 superioribus
704 649 801 710 uitene
814 651 951 711 hauserat
964 649 1101 710 tibiarum
1114 649 1255 711 foramina
1275 651 1457 711 modulatur:
1477 665 1553 710 nuno

415 752 505 813 offuso
531 755 561 812 et
586 771 664 814 nuno
689 752 768 814 intuo
793 753 906 814 reoluao
930 770 965 814 aa
989 769 1119 828 repreeeo
1142 770 1219 813 nuno
1246 751 1334 813 oertie
1361 751 1551 813 foraminibus

414 855 520 917 emieeo
546 857 633 930 atqua
656 856 689 915 in
714 871 810 916 aerem
835 855 961 930 proluar,
982 855 1052 915 item
1072 856 1103 914 in
1122 855 1260 916 mtiouloe
1281 870 1383 915 aonam
1403 853 1551 927 frangens,

413 957 494 1033 loqui
508 957 611 1032 digitio
626 958 767 1032 elaborat,
783 957 915 1032 ingratus
929 956 1034 1018 artillei
1048 957 1098 1032 qui
1112 957 1240 1031 linguam
1256 956 1345 1016 dedit.
1367 955 1438 1029 quid
1451 953 1578 1029 loquare

415 1058 538 1120 uomicae
563 1057 684 1120 inutiles
709 1075 807 1132 ouras,
834 1057 904 1134 quil
929 1058 996 1118 illae
1016 1075 1136 1134 magnae
1160 1057 1289 1132 tragicae
1315 1055 1395 1118 uooie
1415 1055 1552 1128 insaniae,

414 1161 483 1234 quil
508 1177 613 1221 neruos
644 1178 709 1237 oum
735 1161 859 1222 elamore
886 1160 1072 1220 oommieeoel
1105 1161 1177 1220 haee
1208 1159 1296 1220 etiam
1320 1159 1348 1219 ai
1371 1176 1430 1219 uou
1455 1159 1553 1218 eeeent

415 1260 576 1322 aimulaorie
597 1260 704 1334 elioata,
726 1261 859 1323 obeunda
872 1263 969 1322 tamen
985 1264 1015 1321 et
1033 1261 1189 1336 spectanda
1203 1277 1260 1321 nou
1275 1263 1372 1320 assent
1387 1257 1553 1319 ahmetiauie

414 1361 562 1424 fidelibus:
587 1363 723 1438 quoniam
745 1363 803 1423 etei
817 1381 875 1424 non
889 1364 1034 1424 habebant
1046 1362 1162 1437 orimeu,
1185 1363 1292 1423 habeat
1307 1362 1338 1424 in
1353 1378 1385 1424 ee
1399 1360 1553 1421 maximam

413 1466 560 1540 etparum
575 1465 781 1540 congruentem
795 1464 928 1525 fidelibus
942 1463 1109 1525 uanitatem.
1558 1483 1585 1524 ιο

391 1573 412 1634 8
455 1565 532 1625 llam
546 1566 599 1626 illa
613 1565 707 1627 altera
720 1566 897 1642 reliquorum
911 1565 1055 1627 dementia
1073 1568 1119 1626 eet
1133 1565 1291 1626 manifesta
1310 1564 1413 1627 otioeia
1426 1563 1551 1625 homini-

317 1678 323 1689 ·
410 1669 465 1729 bue
490 1668 665 1744 negotiatio:
690 1667 722 1727 in
747 1667 882 1728 iniuriam
909 1684 991 1727 auam
1015 1667 1178 1743 pinguescit
1203 1667 1235 1726 in
1260 1667 1364 1742 aegina
1389 1682 1493 1740 eorpus
1506 1664 1552 1740 lut

409 1768 556 1829 robustius
577 1770 628 1828 aut
647 1769 736 1828 feriat
756 1770 808 1828 aut
825 1769 954 1842 uapulet,
975 1770 1006 1827 et
1024 1769 1117 1842 prium
1135 1764 1261 1828 uiatoria
1274 1769 1320 1829 eat
1333 1769 1412 1828 ultre
1425 1770 1551 1842 molum,

410 1868 529 1930 humaui
543 1868 655 1930 mentua
669 1869 781 1930 esurire
792 1871 931 1945 potuisse,
947 1886 1034 1943 super
1046 1867 1132 1930 titulo
1147 1885 1269 1930 toronae
1283 1870 1380 1929 edaoie
1390 1869 1551 1945 flagitiosae

410 1970 568 2030 nundinae:
591 1970 700 2032 iotibue
714 1969 816 2031 infelix
829 1970 920 2030 fauiae
933 1970 1055 2042 leuatur,
1069 1973 1102 2030 ut
1115 1969 1260 2031 infelicior
1273 1974 1376 2031 uenter
1390 1971 1548 2046 saginatur.
1559 1993 1587 2034 m

412 2086 499 2145 quam
524 2070 611 2132 foeda
634 2074 784 2145 praeterea
809 2071 874 2146 ipea
899 2071 1070 2144 luctamina,
1095 2072 1142 2132 uir
1161 2072 1238 2132 inira
1257 2073 1351 2132 uirum
1370 2072 1468 2133 iaoene
1487 2090 1550 2133 am-

412 2172 547 2246 plexibus
562 2173 725 2233 inhoueetia
738 2176 769 2232 et
783 2172 904 2232 nexibus
918 2173 1090 2246 implieetur.
1113 2172 1144 2231 in
1159 2172 1214 2232 tali
1228 2173 1384 2234 certamina
1406 2176 1484 2235 stare
1498 2204 1514 2238 a

413 2273 521 2335 uiderit
535 2273 601 2349 quie
616 2275 725 2348 uinoat,
740 2275 833 2348 pudor
846 2274 941 2335 uiotuo
956 2275 1009 2336 eet.
1032 2289 1096 2336 eooe
1110 2275 1167 2335 tibi
1182 2275 1258 2336 alter
1272 2276 1367 2336 nudus
1381 2275 1459 2350 aalit,
1474 2277 1550 2340 alter

412 2377 509 2436 orbem
535 2391 657 2436 aeneum
682 2375 828 2436 eontentio
849 2375 881 2435 in
910 2391 1004 2436 aorem
1025 2376 1136 2436 mribus
1157 2375 1257 2437 laetat.
1290 2377 1362 2436 haee
1387 2377 1481 2450 gloria
1504 2379 1551 2438 eat

480 2714 543 2772 lde
561 2699 646 2786 epil
697 2715 786 2770 leuia
804 2731 855 2770 aaa
868 2716 894 2770 Ζ
944 2716 1087 2786 aupmioria
1099 2731 1144 2786 νμ,
1162 2717 1190 2770 in
1209 2716 1345 2785 superlore
1362 2718 1478 2788 eorporis
1490 2719 1550 2788 Ζὶξ

409 2800 588 2856 foraminibus
601 2801 642 2854 Zo
757 2801 914 2855 modulante
926 2803 954 2854 et
965 2817 989 2867 r,
1007 2801 1177 2855 modulantur
1189 2801 1297 2870 μοι
1413 2819 1484 2859 nouo
1506 2820 1551 2859 ooo

408 2887 455 2956 Ζμ
560 2887 578 2941 3
595 2886 700 2940 iuoluao
719 2886 752 2951 Z,
771 2887 912 2941 ocolusoo
980 2901 1011 2940 ao
1028 2901 1147 2956 represso
1165 2902 1236 2940 nuno
1252 2903 1298 2956 τμ,
1316 2889 1398 2956 atque
1414 2890 1444 2943 in
1461 2905 1549 2945 earam

407 2986 456 3039 pro
473 2971 516 3026 Ζο
603 2971 693 3041 nertio]
712 2970 828 3026 tortior
920 2971 1080 3024 foraminum
1098 2970 1233 3024 meatibus
1250 2972 1294 3026 Zo
1383 2972 1402 3026 4
1419 2975 1501 3042 atqua
1517 2974 1547 3028 iu

407 3053 705 3124 aeremproiueoitem
723 3071 769 3125 νμ,
787 3055 905 3110 nuncin
923 3056 966 3111 Ζο
1067 3054 1183 3110 articulo
1201 3056 1246 3126 Ζμ
1350 3071 1431 3112 eonna
1447 3073 1484 3128 νμ

408 3141 426 3196 6
442 3141 556 3196 eornioae
574 3143 643 3205 et-o,
661 3139 695 3195 de
713 3140 823 3196 oomiuia
840 3141 868 3195 Ζ
947 3141 1047 3196 traioaa
1062 3155 1101 3210 νμ
1185 3141 1202 3194 ‘l
1220 3139 1317 3195 meror
1334 3157 1371 3210 νμ
1451 3142 1547 3199 Baim.

408 3225 508 3297 diaeta]
527 3226 695 3281 simulatorie
712 3213 762 3280 de'a
780 3226 808 3279 Ζ
905 3225 1025 3281 obeunda
1040 3243 1086 3305 ru,
1104 3225 1226 3280 adeunda
1243 3227 1286 3282 Ζο
1388 3227 1407 3281 9
1423 3227 1548 3282 fidelibus

409 3327 464 3368 nou
477 3312 593 3367 erantZ
661 3310 822 3366 habereuto
890 3312 1072 3366 etmarimam
1085 3328 1135 3382 νμ;
1152 3311 1322 3378 sortuelm
1391 3313 1427 3366 10
1441 3315 1546 3384 parum]

406 3413 461 3452 nou
478 3413 589 3467 pernam
607 3399 635 3453 Ζ
729 3398 953 3467 incongruentem
971 3398 998 3452 Ζ
1093 3398 1126 3452 11
1143 3397 1225 3452 illae
1312 3397 1477 3467 reliquorum
1494 3415 1547 3458 oea.

405 3497 442 3552 ru
552 3481 698 3538 manifesta
715 3482 851 3538 dementia
868 3484 910 3537 eet
926 3484 955 3537 Ζ
1061 3483 1095 3539 12
1113 3481 1263 3554 negotiatio
1282 3486 1324 3538 aet
1341 3485 1373 3549 Ζ,
1396 3485 1547 3555 negotiatio

405 3567 918 3636 euautuapuletp,uogotiaauant
936 3574 1076 3638 tarpaei
1093 3584 1124 3622 ra
1140 3569 1335 3623 lacenaeuu.
1430 3571 1459 3624 in
1476 3571 1547 3625 inin-

404 3651 474 3706 riam
488 3691 495 3705 .
510 3691 517 3704 .
534 3652 667 3722 ,uapulet
684 3668 801 3723 margo
871 3652 1034 3708 lllutultra
1045 3655 1089 3709 Zo
1157 3652 1191 3708 14
1201 3653 1351 3708 humanum
1367 3657 1461 3710 uenter
1472 3645 1545 3712 Zo¹

404 3737 540 3810 potuisset
557 3737 600 3793 Ζο
651 3737 789 3808 Ιοιιοοι]
807 3736 858 3793 rub
876 3738 904 3791 Ζ
1002 3754 1113 3795 oorouaa
1131 3737 1220 3793 odada
1237 3755 1282 3808 ru,
1302 3741 1444 3794 coronatae
1460 3740 1547 3795 odaei-

403 3822 472 3876 tatie
489 3823 532 3877 Za
602 3821 636 3877 15
653 3821 765 3893 latibua]
784 3820 886 3876 letibus
906 3823 1048 3878 uulnerum
1064 3824 1109 3880 Zo
1177 3823 1306 3892 loquatur
1323 3823 1350 3877 Ζ
1426 3825 1461 3878 16
1477 3825 1547 3902 ipae]

402 3908 491 3963 iotae
582 3907 722 3978 uiriumu
810 3909 839 3962 ot
856 3909 992 3978 amplexae
1010 3929 1038 3980 μ,
1060 3910 1230 3979 amplexuer
1323 3908 1356 3964 17
1374 3911 1514 3978 eternam

404 3994 476 4048 stare
487 3993 589 4048 uideris
608 3993 669 4062 quia
687 4009 732 4064 νμ,
749 3993 851 4049 uiderit
869 3994 913 4049 uel
925 3996 982 4064 Zo,·
995 4001 1061 4064 poet
1079 3997 1151 4048 atero
1163 3995 1277 4050 utimr
1288 3996 1330 4049 aet
1341 3995 1482 4050 iaoereuel
1493 3996 1549 4051 tole

404 4078 473 4148 qaid
490 4078 664 4134 interciatam
739 4079 774 4134 18
790 4079 893 4150 uinoat]
911 4079 977 4136 aeid.
994 4081 1022 4134 Ζ
1026 4098 1032 4134 :
1051 4081 1112 4167 qnia
1130 4080 1227 4135 uicerit
1296 4078 1391 4151 pudor]
1408 4079 1474 4136 adet
1492 4080 1548 4137 Za:

404 4167 495 4218 tamen
533 4166 567 4232 ᾖ
601 4163 758 4234 tuinotuau
873 4165 908 4219 19
925 4181 1032 4220 aereum
1049 4166 1093 4222 Ζο
1205 4165 1368 4235 comptentia
1385 4184 1415 4234 μ,
1432 4167 1549 4220 exterma

406 4249 477 4305 aeni
495 4248 640 4306 Pometiae
743 4250 838 4319 laetat]
857 4250 925 4305 iaoit
941 4253 967 4306 Ζ
1068 4267 1121 4306 non
1139 4249 1246 4306 estred
1264 4250 1398 4306 dementia
1415 4251 1460 4307 Ζο
