<?xml version="1.0" encoding="UTF-8"?>
<!DOCTYPE html PUBLIC "-//W3C//DTD XHTML 1.0 Transitional//EN"
    "http://www.w3.org/TR/xhtml1/DTD/xhtml1-transitional.dtd">
<html xmlns="http://www.w3.org/1999/xhtml" xml:lang="en" lang="en">
 <head>
  <title>
</title>
<meta http-equiv="Content-Type" content="text/html;charset=utf-8" />
  <meta name='ocr-system' content='tesseract 3.04.00' />
  <meta name='ocr-capabilities' content='ocr_page ocr_carea ocr_par ocr_line ocrx_word'/>
</head>
<body>
  <div class='ocr_page' id='page_1' title='image "./sthascicaecilic02cyprgoog_0316.png"; bbox 0 0 4016 5054; ppageno 0'>
   <div class='ocr_carea' id='block_1_1' title="bbox 676 410 1594 484">
    <p class='ocr_par' dir='ltr' id='par_1_1' title="bbox 676 410 1594 484">
     <span class='ocr_line' id='line_1_1' title="bbox 676 410 1594 484; baseline -0.001 -16"><span class='ocrx_word' id='word_1_1' title='bbox 676 414 723 468; x_wconf 82' lang='lat' dir='ltr'><strong>lle</strong></span> <span class='ocrx_word' id='word_1_2' title='bbox 740 410 994 484; x_wconf 75' lang='lat' dir='ltr'><strong>singularitate</strong></span> <span class='ocrx_word' id='word_1_3' title='bbox 1013 411 1220 468; x_wconf 73' lang='lat' dir='ltr'><strong>olorinorum</strong></span> <span class='ocrx_word' id='word_1_4' title='bbox 1243 427 1265 467; x_wconf 79' lang='lat' dir='ltr'><strong>a</strong></span> <span class='ocrx_word' id='word_1_5' title='bbox 1283 411 1379 468; x_wconf 84' lang='lat'>9-11.</span> <span class='ocrx_word' id='word_1_6' title='bbox 1532 417 1594 484; x_wconf 81' lang='lat'><strong>185</strong></span> 
     </span>
    </p>
   </div>
   <div class='ocr_carea' id='block_1_2' title="bbox 424 570 1646 3399">
    <p class='ocr_par' dir='ltr' id='par_1_2' title="bbox 424 570 1646 3399">
     <span class='ocr_line' id='line_1_2' title="bbox 460 570 1593 646; baseline -0.002 -13"><span class='ocrx_word' id='word_1_7' title='bbox 460 572 631 645; x_wconf 77' lang='lat' dir='ltr'><strong>moerentia,</strong></span> <span class='ocrx_word' id='word_1_8' title='bbox 647 571 716 646; x_wconf 89' lang='lat' dir='ltr'><strong>quid</strong></span> <span class='ocrx_word' id='word_1_9' title='bbox 730 570 792 632; x_wconf 87' lang='lat' dir='ltr'><strong>illio</strong></span> <span class='ocrx_word' id='word_1_10' title='bbox 806 571 933 646; x_wconf 74' lang='lat' dir='ltr'><strong>genitum,</strong></span> <span class='ocrx_word' id='word_1_11' title='bbox 948 571 999 630; x_wconf 89' lang='lat' dir='ltr'><strong>ubi</strong></span> <span class='ocrx_word' id='word_1_12' title='bbox 1014 571 1160 631; x_wconf 75' lang='lat' dir='ltr'><strong>libertatis</strong></span> <span class='ocrx_word' id='word_1_13' title='bbox 1175 571 1264 631; x_wconf 89' lang='lat' dir='ltr'><strong>sumit</strong></span> <span class='ocrx_word' id='word_1_14' title='bbox 1278 571 1382 632; x_wconf 86' lang='lat' dir='ltr'><strong>mulier</strong></span> <span class='ocrx_word' id='word_1_15' title='bbox 1397 571 1427 630; x_wconf 95' lang='lat' dir='ltr'><strong>iu</strong></span> <span class='ocrx_word' id='word_1_16' title='bbox 1442 572 1593 632; x_wconf 78' lang='lat' dir='ltr'><strong>mntubor-</strong></span> 
     </span>
     <span class='ocr_line' id='line_1_3' title="bbox 463 672 1595 749; baseline -0.001 -14"><span class='ocrx_word' id='word_1_17' title='bbox 463 673 585 736; x_wconf 88' lang='lat' dir='ltr'><strong>ualitate</strong></span> <span class='ocrx_word' id='word_1_18' title='bbox 599 674 813 736; x_wconf 80' lang='lat' dir='ltr'><strong>oomtautiaml</strong></span> <span class='ocrx_word' id='word_1_19' title='bbox 829 674 944 749; x_wconf 84' lang='lat' dir='ltr'><strong>quaudo</strong></span> <span class='ocrx_word' id='word_1_20' title='bbox 959 673 990 734; x_wconf 89' lang='lat' dir='ltr'><strong>iu</strong></span> <span class='ocrx_word' id='word_1_21' title='bbox 1005 673 1171 736; x_wconf 79' lang='lat' dir='ltr'><strong>domesticis</strong></span> <span class='ocrx_word' id='word_1_22' title='bbox 1186 673 1312 748; x_wconf 78' lang='lat' dir='ltr'><strong>nogotiis</strong></span> <span class='ocrx_word' id='word_1_23' title='bbox 1333 690 1409 734; x_wconf 89' lang='lat' dir='ltr'><strong>nuno</strong></span> <span class='ocrx_word' id='word_1_24' title='bbox 1422 672 1546 735; x_wconf 74' lang='lat' dir='ltr'><strong>latomos</strong></span> <span class='ocrx_word' id='word_1_25' title='bbox 1560 691 1595 734; x_wconf 91' lang='lat' dir='ltr'><strong>ao</strong></span> 
     </span>
     <span class='ocr_line' id='line_1_4' title="bbox 461 775 1595 850; baseline -0.002 -14"><span class='ocrx_word' id='word_1_26' title='bbox 461 777 572 836; x_wconf 84' lang='lat' dir='ltr'><strong>femora</strong></span> <span class='ocrx_word' id='word_1_27' title='bbox 585 775 708 834; x_wconf 84' lang='lat' dir='ltr'><strong>lauifiois</strong></span> <span class='ocrx_word' id='word_1_28' title='bbox 722 775 856 850; x_wconf 85' lang='lat' dir='ltr'><strong>operibus</strong></span> <span class='ocrx_word' id='word_1_29' title='bbox 871 776 978 848; x_wconf 90' lang='lat' dir='ltr'><strong>nudat,</strong></span> <span class='ocrx_word' id='word_1_30' title='bbox 999 793 1077 835; x_wconf 91' lang='lat' dir='ltr'><strong>nuno</strong></span> <span class='ocrx_word' id='word_1_31' title='bbox 1091 779 1227 836; x_wconf 87' lang='lat' dir='ltr'><strong>aestuans</strong></span> <span class='ocrx_word' id='word_1_32' title='bbox 1243 776 1355 850; x_wconf 75' lang='lat' dir='ltr'><strong>detegit</strong></span> <span class='ocrx_word' id='word_1_33' title='bbox 1368 776 1504 846; x_wconf 87' lang='lat' dir='ltr'><strong>membra,</strong></span> <span class='ocrx_word' id='word_1_34' title='bbox 1519 792 1595 835; x_wconf 89' lang='lat' dir='ltr'><strong>nuno</strong></span> 
     </span>
     <span class='ocr_line' id='line_1_5' title="bbox 461 876 1595 954; baseline -0.002 -16"><span class='ocrx_word' id='word_1_35' title='bbox 461 878 586 954; x_wconf 77' lang='lat' dir='ltr'><strong>fatigata</strong></span> <span class='ocrx_word' id='word_1_36' title='bbox 601 878 725 939; x_wconf 68' lang='lat' dir='ltr'><strong>iacmtur</strong></span> <span class='ocrx_word' id='word_1_37' title='bbox 738 879 789 937; x_wconf 88' lang='lat' dir='ltr'><strong>aut</strong></span> <span class='ocrx_word' id='word_1_38' title='bbox 803 877 834 937; x_wconf 90' lang='lat' dir='ltr'><strong>iu</strong></span> <span class='ocrx_word' id='word_1_39' title='bbox 849 877 910 937; x_wconf 89' lang='lat' dir='ltr'><strong>risu</strong></span> <span class='ocrx_word' id='word_1_40' title='bbox 923 878 1078 953; x_wconf 68' lang='lat' dir='ltr'><strong>anquando</strong></span> <span class='ocrx_word' id='word_1_41' title='bbox 1093 877 1271 952; x_wconf 88' lang='lat' dir='ltr'><strong>dissoluitur,</strong></span> <span class='ocrx_word' id='word_1_42' title='bbox 1287 894 1364 938; x_wconf 86' lang='lat' dir='ltr'><strong>uuna</strong></span> <span class='ocrx_word' id='word_1_43' title='bbox 1377 876 1535 938; x_wconf 74' lang='lat' dir='ltr'><strong>blanditias</strong></span> <span class='ocrx_word' id='word_1_44' title='bbox 1548 893 1595 936; x_wconf 85' lang='lat' dir='ltr'><strong>ex-</strong></span> 
     </span>
     <span class='ocr_line' id='line_1_6' title="bbox 441 979 1597 1055; baseline 0.002 -19"><span class='ocrx_word' id='word_1_45' title='bbox 441 981 543 1040; x_wconf 85' lang='lat' dir='ltr'><strong>abibet</strong></span> <span class='ocrx_word' id='word_1_46' title='bbox 568 982 599 1039; x_wconf 86' lang='lat' dir='ltr'><strong>et</strong></span> <span class='ocrx_word' id='word_1_47' title='bbox 624 979 700 1053; x_wconf 87' lang='lat' dir='ltr'><strong>quod</strong></span> <span class='ocrx_word' id='word_1_48' title='bbox 727 981 774 1039; x_wconf 86' lang='lat' dir='ltr'><strong>est</strong></span> <span class='ocrx_word' id='word_1_49' title='bbox 798 979 972 1040; x_wconf 87' lang='lat' dir='ltr'><strong>uenenosius</strong></span> <span class='ocrx_word' id='word_1_50' title='bbox 994 997 1082 1054; x_wconf 81' lang='lat' dir='ltr'><strong>super</strong></span> <span class='ocrx_word' id='word_1_51' title='bbox 1107 983 1210 1042; x_wconf 83' lang='lat' dir='ltr'><strong>onuota</strong></span> <span class='ocrx_word' id='word_1_52' title='bbox 1229 980 1356 1055; x_wconf 85' lang='lat' dir='ltr'><strong>psallere</strong></span> <span class='ocrx_word' id='word_1_53' title='bbox 1371 979 1531 1040; x_wconf 85' lang='lat' dir='ltr'><strong>doleotatur</strong></span> <span class='ocrx_word' id='word_1_54' title='bbox 1544 982 1597 1039; x_wconf 89' lang='lat' dir='ltr'><strong>aut</strong></span> 
     </span>
     <span class='ocr_line' id='line_1_7' title="bbox 462 1080 1595 1153; baseline -0.001 -12"><span class='ocrx_word' id='word_1_55' title='bbox 462 1085 586 1142; x_wconf 74' lang='lat' dir='ltr'><strong>emere?</strong></span> <span class='ocrx_word' id='word_1_56' title='bbox 615 1080 698 1142; x_wconf 87' lang='lat' dir='ltr'><strong>ouius</strong></span> <span class='ocrx_word' id='word_1_57' title='bbox 718 1083 806 1142; x_wconf 89' lang='lat' dir='ltr'><strong>oautn</strong></span> <span class='ocrx_word' id='word_1_58' title='bbox 830 1082 1013 1143; x_wconf 74' lang='lat' dir='ltr'><strong>tolerabilius</strong></span> <span class='ocrx_word' id='word_1_59' title='bbox 1038 1085 1084 1142; x_wconf 89' lang='lat' dir='ltr'><strong>ost</strong></span> <span class='ocrx_word' id='word_1_60' title='bbox 1108 1081 1209 1144; x_wconf 85' lang='lat' dir='ltr'><strong>audire</strong></span> <span class='ocrx_word' id='word_1_61' title='bbox 1228 1081 1404 1153; x_wconf 62' lang='lat' dir='ltr'><strong>,taediosum</strong></span> <span class='ocrx_word' id='word_1_62' title='bbox 1419 1081 1595 1141; x_wconf 75' lang='lat' dir='ltr'><strong>sibilantem.</strong></span> 
     </span>
     <span class='ocr_line' id='line_1_8' title="bbox 460 1182 1597 1258; baseline -0.001 -13"><span class='ocrx_word' id='word_1_63' title='bbox 460 1186 561 1245; x_wconf 83' lang='lat' dir='ltr'><strong>eontra</strong></span> <span class='ocrx_word' id='word_1_64' title='bbox 575 1200 661 1258; x_wconf 86' lang='lat' dir='ltr'><strong>quam</strong></span> <span class='ocrx_word' id='word_1_65' title='bbox 676 1183 807 1244; x_wconf 85' lang='lat' dir='ltr'><strong>Salomon</strong></span> <span class='ocrx_word' id='word_1_66' title='bbox 821 1183 865 1245; x_wconf 89' lang='lat' dir='ltr'><strong>sio</strong></span> <span class='ocrx_word' id='word_1_67' title='bbox 877 1202 930 1246; x_wconf 90' lang='lat' dir='ltr'><strong>uos</strong></span> <span class='ocrx_word' id='word_1_68' title='bbox 945 1187 1045 1246; x_wconf 91' lang='lat' dir='ltr'><strong>oautos</strong></span> <span class='ocrx_word' id='word_1_69' title='bbox 1060 1184 1150 1246; x_wconf 81' lang='lat' dir='ltr'><strong>adluit</strong></span> <span class='ocrx_word' id='word_1_70' title='bbox 1164 1183 1280 1245; x_wconf 81' lang='lat' dir='ltr'><strong>disens:</strong></span> <span class='ocrx_word' id='word_1_71' title='bbox 1303 1200 1380 1244; x_wconf 89' lang='lat' dir='ltr'><strong>oum</strong></span> <span class='ocrx_word' id='word_1_72' title='bbox 1394 1182 1597 1244; x_wconf 83' lang='lat' dir='ltr'><strong>saltatrioe</strong></span> 
     </span>
     <span class='ocr_line' id='line_1_9' title="bbox 459 1284 1594 1361; baseline -0.002 -13"><span class='ocrx_word' id='word_1_73' title='bbox 459 1286 536 1348; x_wconf 92' lang='lat' dir='ltr'><strong>noli</strong></span> <span class='ocrx_word' id='word_1_74' title='bbox 559 1284 858 1361; x_wconf 74' lang='lat' dir='ltr'><strong>assiduus&#39;esse,</strong></span> <span class='ocrx_word' id='word_1_75' title='bbox 896 1304 961 1349; x_wconf 88' lang='lat' dir='ltr'><strong>neu</strong></span> <span class='ocrx_word' id='word_1_76' title='bbox 983 1289 1115 1349; x_wconf 89' lang='lat' dir='ltr'><strong>audias</strong></span> <span class='ocrx_word' id='word_1_77' title='bbox 1137 1287 1256 1360; x_wconf 89' lang='lat' dir='ltr'><strong>illam,</strong></span> <span class='ocrx_word' id='word_1_78' title='bbox 1289 1304 1332 1348; x_wconf 92' lang='lat' dir='ltr'><strong>ue</strong></span> <span class='ocrx_word' id='word_1_79' title='bbox 1353 1288 1453 1348; x_wconf 83' lang='lat' dir='ltr'><strong>forte</strong></span> <span class='ocrx_word' id='word_1_80' title='bbox 1474 1285 1594 1359; x_wconf 84' lang='lat' dir='ltr'><strong>dispe·</strong></span> 
     </span>
     <span class='ocr_line' id='line_1_10' title="bbox 460 1387 1597 1464; baseline -0.004 -14"><span class='ocrx_word' id='word_1_81' title='bbox 460 1407 540 1450; x_wconf 89' lang='lat' dir='ltr'><strong>reas</strong></span> <span class='ocrx_word' id='word_1_82' title='bbox 562 1388 598 1448; x_wconf 89' lang='lat' dir='ltr'><strong>in</strong></span> <span class='ocrx_word' id='word_1_83' title='bbox 620 1387 800 1449; x_wconf 81' lang='lat' dir='ltr'><strong>elfioaoia</strong></span> <span class='ocrx_word' id='word_1_84' title='bbox 821 1389 908 1450; x_wconf 90' lang='lat' dir='ltr'><strong>eius.</strong></span> <span class='ocrx_word' id='word_1_85' title='bbox 932 1393 1013 1450; x_wconf 89' lang='lat' dir='ltr'><strong>taoeo</strong></span> <span class='ocrx_word' id='word_1_86' title='bbox 1035 1390 1147 1464; x_wconf 83' lang='lat' dir='ltr'><strong>reliqna</strong></span> <span class='ocrx_word' id='word_1_87' title='bbox 1168 1405 1241 1463; x_wconf 87' lang='lat' dir='ltr'><strong>quae</strong></span> <span class='ocrx_word' id='word_1_88' title='bbox 1261 1387 1356 1464; x_wconf 83' lang='lat' dir='ltr'><strong>magis</strong></span> <span class='ocrx_word' id='word_1_89' title='bbox 1376 1387 1509 1462; x_wconf 88' lang='lat' dir='ltr'><strong>pudenda</strong></span> <span class='ocrx_word' id='word_1_90' title='bbox 1529 1390 1597 1446; x_wconf 90' lang='lat' dir='ltr'><strong>sunt</strong></span> 
     </span>
     <span class='ocr_line' id='line_1_11' title="bbox 429 1488 1597 1565; baseline 0 -15"><span class='ocrx_word' id='word_1_91' title='bbox 429 1510 455 1550; x_wconf 87' lang='grc' dir='ltr'><strong>ιο</strong></span> <span class='ocrx_word' id='word_1_92' title='bbox 467 1509 551 1564; x_wconf 87' lang='lat' dir='ltr'><strong>quam</strong></span> <span class='ocrx_word' id='word_1_93' title='bbox 567 1491 701 1563; x_wconf 75' lang='lat' dir='ltr'><strong>desuda,</strong></span> <span class='ocrx_word' id='word_1_94' title='bbox 729 1488 821 1551; x_wconf 92' lang='lat' dir='ltr'><strong>solum</strong></span> <span class='ocrx_word' id='word_1_95' title='bbox 836 1492 891 1550; x_wconf 92' lang='lat' dir='ltr'><strong>boo</strong></span> <span class='ocrx_word' id='word_1_96' title='bbox 905 1491 983 1552; x_wconf 84' lang='lat' dir='ltr'><strong>diuo:</strong></span> <span class='ocrx_word' id='word_1_97' title='bbox 1010 1492 1041 1550; x_wconf 92' lang='lat' dir='ltr'><strong>iu</strong></span> <span class='ocrx_word' id='word_1_98' title='bbox 1057 1492 1154 1552; x_wconf 90' lang='lat' dir='ltr'><strong>dolore</strong></span> <span class='ocrx_word' id='word_1_99' title='bbox 1169 1490 1218 1552; x_wconf 89' lang='lat' dir='ltr'><strong>uel</strong></span> <span class='ocrx_word' id='word_1_100' title='bbox 1234 1491 1265 1550; x_wconf 91' lang='lat' dir='ltr'><strong>iu</strong></span> <span class='ocrx_word' id='word_1_101' title='bbox 1280 1491 1325 1551; x_wconf 86' lang='lat' dir='ltr'><strong>ira</strong></span> <span class='ocrx_word' id='word_1_102' title='bbox 1338 1491 1486 1551; x_wconf 86' lang='lat' dir='ltr'><strong>mulierem</strong></span> <span class='ocrx_word' id='word_1_103' title='bbox 1501 1489 1597 1565; x_wconf 74' lang='lat' dir='ltr'><strong>nangt</strong></span> 
     </span>
     <span class='ocr_line' id='line_1_12' title="bbox 459 1591 1595 1668; baseline -0.003 -14"><span class='ocrx_word' id='word_1_104' title='bbox 459 1592 623 1668; x_wconf 82' lang='lat' dir='ltr'><strong>eouspioore</strong></span> <span class='ocrx_word' id='word_1_105' title='bbox 638 1592 695 1652; x_wconf 89' lang='lat' dir='ltr'><strong>iam</strong></span> <span class='ocrx_word' id='word_1_106' title='bbox 710 1609 767 1653; x_wconf 91' lang='lat' dir='ltr'><strong>uon</strong></span> <span class='ocrx_word' id='word_1_107' title='bbox 782 1594 830 1651; x_wconf 90' lang='lat' dir='ltr'><strong>est</strong></span> <span class='ocrx_word' id='word_1_108' title='bbox 843 1592 906 1652; x_wconf 90' lang='lat' dir='ltr'><strong>sine</strong></span> <span class='ocrx_word' id='word_1_109' title='bbox 921 1592 1092 1654; x_wconf 86' lang='lat' dir='ltr'><strong>muloediuo.</strong></span> <span class='ocrx_word' id='word_1_110' title='bbox 1120 1593 1190 1667; x_wconf 85' lang='lat' dir='ltr'><strong>quid</strong></span> <span class='ocrx_word' id='word_1_111' title='bbox 1204 1593 1328 1653; x_wconf 86' lang='lat' dir='ltr'><strong>dioimua</strong></span> <span class='ocrx_word' id='word_1_112' title='bbox 1343 1592 1370 1651; x_wconf 91' lang='lat' dir='ltr'><strong>si</strong></span> <span class='ocrx_word' id='word_1_113' title='bbox 1384 1592 1484 1652; x_wconf 88' lang='lat' dir='ltr'><strong>uideas</strong></span> <span class='ocrx_word' id='word_1_114' title='bbox 1497 1591 1595 1652; x_wconf 90' lang='lat' dir='ltr'><strong>ioouu-</strong></span> 
     </span>
     <span class='ocr_line' id='line_1_13' title="bbox 459 1692 1595 1766; baseline -0.001 -13"><span class='ocrx_word' id='word_1_115' title='bbox 459 1695 572 1753; x_wconf 88' lang='lat' dir='ltr'><strong>dantom</strong></span> <span class='ocrx_word' id='word_1_116' title='bbox 588 1697 640 1753; x_wconf 85' lang='lat' dir='ltr'><strong>aut</strong></span> <span class='ocrx_word' id='word_1_117' title='bbox 654 1693 730 1766; x_wconf 87' lang='lat' dir='ltr'><strong>quod</strong></span> <span class='ocrx_word' id='word_1_118' title='bbox 745 1696 791 1753; x_wconf 88' lang='lat' dir='ltr'><strong>est</strong></span> <span class='ocrx_word' id='word_1_119' title='bbox 805 1692 931 1754; x_wconf 72' lang='lat' dir='ltr'><strong>donnus</strong></span> <span class='ocrx_word' id='word_1_120' title='bbox 946 1693 1161 1754; x_wconf 71' lang='lat' dir='ltr'><strong>blandientem?</strong></span> <span class='ocrx_word' id='word_1_121' title='bbox 1185 1695 1274 1754; x_wconf 86' lang='lat' dir='ltr'><strong>semel</strong></span> <span class='ocrx_word' id='word_1_122' title='bbox 1289 1692 1426 1753; x_wconf 80' lang='lat' dir='ltr'><strong>dixerim:</strong></span> <span class='ocrx_word' id='word_1_123' title='bbox 1442 1693 1535 1754; x_wconf 90' lang='lat' dir='ltr'><strong>omnis</strong></span> <span class='ocrx_word' id='word_1_124' title='bbox 1549 1692 1595 1752; x_wconf 85' lang='lat' dir='ltr'><strong>iu·</strong></span> 
     </span>
     <span class='ocr_line' id='line_1_14' title="bbox 461 1794 1596 1869; baseline -0.002 -14"><span class='ocrx_word' id='word_1_125' title='bbox 461 1796 634 1856; x_wconf 84' lang='lat' dir='ltr'><strong>nouueuiaus</strong></span> <span class='ocrx_word' id='word_1_126' title='bbox 650 1795 789 1854; x_wconf 75' lang='lat' dir='ltr'><strong>sodalitas</strong></span> <span class='ocrx_word' id='word_1_127' title='bbox 804 1795 957 1855; x_wconf 88' lang='lat' dir='ltr'><strong>mulierum</strong></span> <span class='ocrx_word' id='word_1_128' title='bbox 971 1796 1075 1869; x_wconf 73' lang='lat' dir='ltr'><strong>gluten</strong></span> <span class='ocrx_word' id='word_1_129' title='bbox 1099 1797 1145 1855; x_wconf 85' lang='lat' dir='ltr'><strong>ost</strong></span> <span class='ocrx_word' id='word_1_130' title='bbox 1159 1795 1331 1856; x_wconf 74' lang='lat' dir='ltr'><strong>delictorum</strong></span> <span class='ocrx_word' id='word_1_131' title='bbox 1351 1798 1382 1855; x_wconf 89' lang='lat' dir='ltr'><strong>et</strong></span> <span class='ocrx_word' id='word_1_132' title='bbox 1395 1795 1507 1854; x_wconf 87' lang='lat' dir='ltr'><strong>uisoom</strong></span> <span class='ocrx_word' id='word_1_133' title='bbox 1520 1794 1596 1854; x_wconf 88' lang='lat' dir='ltr'><strong>toxi-</strong></span> 
     </span>
     <span class='ocr_line' id='line_1_15' title="bbox 459 1895 1595 1973; baseline 0 -15"><span class='ocrx_word' id='word_1_134' title='bbox 459 1899 554 1958; x_wconf 86' lang='lat' dir='ltr'><strong>oatum</strong></span> <span class='ocrx_word' id='word_1_135' title='bbox 566 1913 622 1971; x_wconf 86' lang='lat' dir='ltr'><strong>quo</strong></span> <span class='ocrx_word' id='word_1_136' title='bbox 638 1896 769 1957; x_wconf 88' lang='lat' dir='ltr'><strong>diabolus</strong></span> <span class='ocrx_word' id='word_1_137' title='bbox 784 1900 952 1972; x_wconf 86' lang='lat' dir='ltr'><strong>auaupntur.</strong></span> <span class='ocrx_word' id='word_1_138' title='bbox 968 1895 1127 1973; x_wconf 79' lang='lat' dir='ltr'><strong>innongrus</strong></span> <span class='ocrx_word' id='word_1_139' title='bbox 1137 1901 1183 1958; x_wconf 86' lang='lat' dir='ltr'><strong>eat</strong></span> <span class='ocrx_word' id='word_1_140' title='bbox 1194 1898 1316 1960; x_wconf 83' lang='lat' dir='ltr'><strong>sooietus</strong></span> <span class='ocrx_word' id='word_1_141' title='bbox 1328 1895 1508 1970; x_wconf 74' lang='lat' dir='ltr'><strong>laminarum,</strong></span> <span class='ocrx_word' id='word_1_142' title='bbox 1522 1913 1595 1970; x_wconf 85' lang='lat' dir='ltr'><strong>qua·</strong></span> 
     </span>
     <span class='ocr_line' id='line_1_16' title="bbox 425 1997 1595 2071; baseline -0.002 -12"><span class='ocrx_word' id='word_1_143' title='bbox 425 2021 450 2060; x_wconf 80' lang='lat' dir='ltr'><strong>ss</strong></span> <span class='ocrx_word' id='word_1_144' title='bbox 461 2015 524 2058; x_wconf 89' lang='lat' dir='ltr'><strong>rum</strong></span> <span class='ocrx_word' id='word_1_145' title='bbox 539 1998 720 2058; x_wconf 88' lang='lat' dir='ltr'><strong>sodalitatem</strong></span> <span class='ocrx_word' id='word_1_146' title='bbox 736 1998 779 2057; x_wconf 86' lang='lat' dir='ltr'><strong>ita</strong></span> <span class='ocrx_word' id='word_1_147' title='bbox 792 2015 845 2059; x_wconf 89' lang='lat' dir='ltr'><strong>noa</strong></span> <span class='ocrx_word' id='word_1_148' title='bbox 855 2015 969 2059; x_wconf 80' lang='lat' dir='ltr'><strong>mosum</strong></span> <span class='ocrx_word' id='word_1_149' title='bbox 981 1997 1114 2058; x_wconf 82' lang='lat' dir='ltr'><strong>Salomon</strong></span> <span class='ocrx_word' id='word_1_150' title='bbox 1126 1998 1209 2058; x_wconf 85' lang='lat' dir='ltr'><strong>doust</strong></span> <span class='ocrx_word' id='word_1_151' title='bbox 1223 1998 1254 2058; x_wconf 90' lang='lat' dir='ltr'><strong>in</strong></span> <span class='ocrx_word' id='word_1_152' title='bbox 1264 1998 1397 2059; x_wconf 89' lang='lat' dir='ltr'><strong>omuibus</strong></span> <span class='ocrx_word' id='word_1_153' title='bbox 1409 2013 1595 2071; x_wconf 83' lang='lat' dir='ltr'><strong>praecauere:</strong></span> 
     </span>
     <span class='ocr_line' id='line_1_17' title="bbox 459 2099 1596 2174; baseline 0 -14"><span class='ocrx_word' id='word_1_154' title='bbox 459 2116 540 2160; x_wconf 90' lang='lat' dir='ltr'><strong>oum</strong></span> <span class='ocrx_word' id='word_1_155' title='bbox 561 2100 703 2174; x_wconf 90' lang='lat' dir='ltr'><strong>aliena,</strong></span> <span class='ocrx_word' id='word_1_156' title='bbox 737 2101 848 2174; x_wconf 86' lang='lat' dir='ltr'><strong>iuquit,</strong></span> <span class='ocrx_word' id='word_1_157' title='bbox 882 2101 1040 2162; x_wconf 90' lang='lat' dir='ltr'><strong>muliere</strong></span> <span class='ocrx_word' id='word_1_158' title='bbox 1073 2119 1116 2162; x_wconf 92' lang='lat' dir='ltr'><strong>ne</strong></span> <span class='ocrx_word' id='word_1_159' title='bbox 1145 2101 1278 2161; x_wconf 84' lang='lat' dir='ltr'><strong>sedeas</strong></span> <span class='ocrx_word' id='word_1_160' title='bbox 1306 2099 1448 2160; x_wconf 89' lang='lat' dir='ltr'><strong>omniuo</strong></span> <span class='ocrx_word' id='word_1_161' title='bbox 1471 2101 1506 2158; x_wconf 92' lang='lat' dir='ltr'><strong>et</strong></span> <span class='ocrx_word' id='word_1_162' title='bbox 1527 2115 1596 2160; x_wconf 91' lang='lat' dir='ltr'><strong>nou</strong></span> 
     </span>
     <span class='ocr_line' id='line_1_18' title="bbox 460 2191 1597 2274; baseline 0.001 -14"><span class='ocrx_word' id='word_1_163' title='bbox 460 2201 662 2262; x_wconf 88' lang='lat' dir='ltr'><strong>alteroeris</strong></span> <span class='ocrx_word' id='word_1_164' title='bbox 684 2219 760 2262; x_wconf 88' lang='lat' dir='ltr'><strong>oum</strong></span> <span class='ocrx_word' id='word_1_165' title='bbox 782 2202 853 2263; x_wconf 92' lang='lat' dir='ltr'><strong>illa</strong></span> <span class='ocrx_word' id='word_1_166' title='bbox 874 2203 914 2261; x_wconf 90' lang='lat' dir='ltr'><strong>in</strong></span> <span class='ocrx_word' id='word_1_167' title='bbox 935 2202 1037 2274; x_wconf 92' lang='lat' dir='ltr'><strong>uiuo,</strong></span> <span class='ocrx_word' id='word_1_168' title='bbox 1060 2219 1103 2262; x_wconf 86' lang='lat' dir='ltr'><strong>no</strong></span> <span class='ocrx_word' id='word_1_169' title='bbox 1124 2191 1597 2264; x_wconf 81' lang='lat' dir='ltr'><strong>lortedeoliuatoortuum</strong></span> 
     </span>
     <span class='ocr_line' id='line_1_19' title="bbox 459 2303 1470 2378; baseline 0.002 -18"><span class='ocrx_word' id='word_1_170' title='bbox 459 2303 495 2361; x_wconf 92' lang='lat' dir='ltr'><strong>in</strong></span> <span class='ocrx_word' id='word_1_171' title='bbox 517 2303 620 2363; x_wconf 89' lang='lat' dir='ltr'><strong>illam</strong></span> <span class='ocrx_word' id='word_1_172' title='bbox 642 2305 678 2364; x_wconf 90' lang='lat' dir='ltr'><strong>et</strong></span> <span class='ocrx_word' id='word_1_173' title='bbox 700 2303 882 2378; x_wconf 76' lang='lat' dir='ltr'><strong>sanguine</strong></span> <span class='ocrx_word' id='word_1_174' title='bbox 903 2308 965 2364; x_wconf 90' lang='lat' dir='ltr'><strong>tuo</strong></span> <span class='ocrx_word' id='word_1_175' title='bbox 987 2304 1133 2364; x_wconf 88' lang='lat' dir='ltr'><strong>labaris</strong></span> <span class='ocrx_word' id='word_1_176' title='bbox 1155 2303 1192 2364; x_wconf 92' lang='lat' dir='ltr'><strong>in</strong></span> <span class='ocrx_word' id='word_1_177' title='bbox 1213 2303 1470 2378; x_wconf 86' lang='lat' dir='ltr'><strong>perditionem.</strong></span> 
     </span>
     <span class='ocr_line' id='line_1_20' title="bbox 500 2405 1646 2478; baseline 0.002 -14"><span class='ocrx_word' id='word_1_178' title='bbox 500 2405 649 2467; x_wconf 85' lang='lat' dir='ltr'><strong>Postremo</strong></span> <span class='ocrx_word' id='word_1_179' title='bbox 664 2408 692 2466; x_wconf 89' lang='lat' dir='ltr'><strong>si</strong></span> <span class='ocrx_word' id='word_1_180' title='bbox 706 2406 831 2468; x_wconf 86' lang='lat' dir='ltr'><strong>animum</strong></span> <span class='ocrx_word' id='word_1_181' title='bbox 846 2409 977 2467; x_wconf 88' lang='lat' dir='ltr'><strong>nostrum</strong></span> <span class='ocrx_word' id='word_1_182' title='bbox 988 2407 1158 2468; x_wconf 88' lang='lat' dir='ltr'><strong>oonddimus</strong></span> <span class='ocrx_word' id='word_1_183' title='bbox 1172 2405 1203 2466; x_wconf 91' lang='lat' dir='ltr'><strong>iu</strong></span> <span class='ocrx_word' id='word_1_184' title='bbox 1217 2405 1274 2465; x_wconf 80' lang='lat' dir='ltr'><strong>bat</strong></span> <span class='ocrx_word' id='word_1_185' title='bbox 1285 2405 1488 2466; x_wconf 84' lang='lat' dir='ltr'><strong>oommnnitate</strong></span> <span class='ocrx_word' id='word_1_186' title='bbox 1499 2421 1595 2478; x_wconf 79' lang='lat' dir='ltr'><strong>perso·</strong></span> <span class='ocrx_word' id='word_1_187' title='bbox 1608 2407 1646 2466; x_wconf 93' lang='grc'><strong>11</strong></span> 
     </span>
     <span class='ocr_line' id='line_1_21' title="bbox 424 2507 1598 2582; baseline -0.003 -13"><span class='ocrx_word' id='word_1_188' title='bbox 424 2525 561 2570; x_wconf 79' lang='lat' dir='ltr'><strong>muerare</strong></span> <span class='ocrx_word' id='word_1_189' title='bbox 584 2525 713 2582; x_wconf 79' lang='lat' dir='ltr'><strong>sempor,</strong></span> <span class='ocrx_word' id='word_1_190' title='bbox 743 2509 791 2568; x_wconf 92' lang='lat' dir='ltr'><strong>uel</strong></span> <span class='ocrx_word' id='word_1_191' title='bbox 805 2508 877 2567; x_wconf 91' lang='lat' dir='ltr'><strong>illud</strong></span> <span class='ocrx_word' id='word_1_192' title='bbox 891 2509 968 2582; x_wconf 86' lang='lat' dir='ltr'><strong>apud</strong></span> <span class='ocrx_word' id='word_1_193' title='bbox 988 2525 1041 2569; x_wconf 93' lang='lat' dir='ltr'><strong>uos</strong></span> <span class='ocrx_word' id='word_1_194' title='bbox 1063 2509 1150 2569; x_wconf 89' lang='lat' dir='ltr'><strong>debet</strong></span> <span class='ocrx_word' id='word_1_195' title='bbox 1169 2524 1233 2568; x_wconf 87' lang='lat' dir='ltr'><strong>esso</strong></span> <span class='ocrx_word' id='word_1_196' title='bbox 1248 2509 1430 2580; x_wconf 74' lang='lat' dir='ltr'><strong>suspectum,</strong></span> <span class='ocrx_word' id='word_1_197' title='bbox 1459 2523 1497 2565; x_wconf 90' lang='lat' dir='ltr'><strong>uo</strong></span> <span class='ocrx_word' id='word_1_198' title='bbox 1517 2507 1598 2580; x_wconf 86' lang='lat' dir='ltr'><strong>ipsas</strong></span> 
     </span>
     <span class='ocr_line' id='line_1_22' title="bbox 461 2609 1598 2686; baseline -0.002 -16"><span class='ocrx_word' id='word_1_199' title='bbox 461 2627 534 2686; x_wconf 86' lang='lat' dir='ltr'><strong>quae</strong></span> <span class='ocrx_word' id='word_1_200' title='bbox 558 2611 708 2670; x_wconf 86' lang='lat' dir='ltr'><strong>nobiseum</strong></span> <span class='ocrx_word' id='word_1_201' title='bbox 734 2611 909 2671; x_wconf 85' lang='lat' dir='ltr'><strong>oonuouiuut</strong></span> <span class='ocrx_word' id='word_1_202' title='bbox 934 2611 965 2668; x_wconf 91' lang='lat' dir='ltr'><strong>iu</strong></span> <span class='ocrx_word' id='word_1_203' title='bbox 990 2627 1043 2670; x_wconf 87' lang='lat' dir='ltr'><strong>uos</strong></span> <span class='ocrx_word' id='word_1_204' title='bbox 1058 2609 1137 2683; x_wconf 80' lang='lat' dir='ltr'><strong>ipsos</strong></span> <span class='ocrx_word' id='word_1_205' title='bbox 1162 2609 1285 2669; x_wconf 83' lang='lat' dir='ltr'><strong>forsitan</strong></span> <span class='ocrx_word' id='word_1_206' title='bbox 1306 2611 1474 2670; x_wconf 89' lang='lat' dir='ltr'><strong>moueantur</strong></span> <span class='ocrx_word' id='word_1_207' title='bbox 1488 2610 1540 2668; x_wconf 90' lang='lat' dir='ltr'><strong>aut</strong></span> <span class='ocrx_word' id='word_1_208' title='bbox 1567 2609 1598 2668; x_wconf 88' lang='lat' dir='ltr'><strong>iu</strong></span> 
     </span>
     <span class='ocr_line' id='line_1_23' title="bbox 460 2710 1597 2787; baseline -0.003 -14"><span class='ocrx_word' id='word_1_209' title='bbox 460 2715 568 2773; x_wconf 84' lang='lat' dir='ltr'><strong>alteros</strong></span> <span class='ocrx_word' id='word_1_210' title='bbox 582 2729 694 2774; x_wconf 85' lang='lat' dir='ltr'><strong>amores</strong></span> <span class='ocrx_word' id='word_1_211' title='bbox 708 2730 778 2787; x_wconf 84' lang='lat' dir='ltr'><strong>prae</strong></span> <span class='ocrx_word' id='word_1_212' title='bbox 791 2713 892 2787; x_wconf 82' lang='lat' dir='ltr'><strong>rapida</strong></span> <span class='ocrx_word' id='word_1_213' title='bbox 906 2715 1002 2772; x_wconf 85' lang='lat' dir='ltr'><strong>aetate</strong></span> <span class='ocrx_word' id='word_1_214' title='bbox 1013 2711 1209 2772; x_wconf 76' lang='lat' dir='ltr'><strong>incitamentis</strong></span> <span class='ocrx_word' id='word_1_215' title='bbox 1224 2710 1380 2772; x_wconf 72' lang='lat' dir='ltr'><strong>furmlibus</strong></span> <span class='ocrx_word' id='word_1_216' title='bbox 1395 2710 1597 2771; x_wconf 83' lang='lat' dir='ltr'><strong>stimulentur:</strong></span> 
     </span>
     <span class='ocr_line' id='line_1_24' title="bbox 460 2811 1598 2889; baseline -0.004 -13"><span class='ocrx_word' id='word_1_217' title='bbox 460 2819 491 2876; x_wconf 89' lang='lat' dir='ltr'><strong>et</strong></span> <span class='ocrx_word' id='word_1_218' title='bbox 505 2816 562 2875; x_wconf 86' lang='lat' dir='ltr'><strong>erit</strong></span> <span class='ocrx_word' id='word_1_219' title='bbox 575 2815 660 2875; x_wconf 91' lang='lat' dir='ltr'><strong>uobis</strong></span> <span class='ocrx_word' id='word_1_220' title='bbox 674 2831 770 2887; x_wconf 87' lang='lat' dir='ltr'><strong>aauaa,</strong></span> <span class='ocrx_word' id='word_1_221' title='bbox 786 2815 861 2888; x_wconf 86' lang='lat' dir='ltr'><strong>quod</strong></span> <span class='ocrx_word' id='word_1_222' title='bbox 875 2815 957 2889; x_wconf 81' lang='lat' dir='ltr'><strong>psius</strong></span> <span class='ocrx_word' id='word_1_223' title='bbox 971 2816 1026 2887; x_wconf 88' lang='lat' dir='ltr'><strong>ost,</strong></span> <span class='ocrx_word' id='word_1_224' title='bbox 1042 2815 1104 2874; x_wconf 87' lang='lat' dir='ltr'><strong>siue</strong></span> <span class='ocrx_word' id='word_1_225' title='bbox 1119 2831 1208 2875; x_wconf 84' lang='lat' dir='ltr'><strong>eausa</strong></span> <span class='ocrx_word' id='word_1_226' title='bbox 1221 2815 1255 2873; x_wconf 93' lang='lat' dir='ltr'><strong>ut</strong></span> <span class='ocrx_word' id='word_1_227' title='bbox 1268 2811 1418 2874; x_wconf 75' lang='lat' dir='ltr'><strong>dominatio</strong></span> <span class='ocrx_word' id='word_1_228' title='bbox 1434 2829 1486 2873; x_wconf 90' lang='lat' dir='ltr'><strong>uos</strong></span> <span class='ocrx_word' id='word_1_229' title='bbox 1500 2829 1598 2873; x_wconf 83' lang='lat' dir='ltr'><strong>mauu-</strong></span> 
     </span>
     <span class='ocr_line' id='line_1_25' title="bbox 462 2915 1598 2990; baseline 0.001 -15"><span class='ocrx_word' id='word_1_230' title='bbox 462 2915 505 2976; x_wconf 88' lang='lat' dir='ltr'><strong>lot</strong></span> <span class='ocrx_word' id='word_1_231' title='bbox 519 2915 629 2988; x_wconf 89' lang='lat' dir='ltr'><strong>aliena,</strong></span> <span class='ocrx_word' id='word_1_232' title='bbox 652 2918 728 2990; x_wconf 81' lang='lat' dir='ltr'><strong>apud</strong></span> <span class='ocrx_word' id='word_1_233' title='bbox 743 2932 815 2988; x_wconf 89' lang='lat' dir='ltr'><strong>qnos</strong></span> <span class='ocrx_word' id='word_1_234' title='bbox 830 2917 996 2990; x_wconf 75' lang='lat' dir='ltr'><strong>suggeritur</strong></span> <span class='ocrx_word' id='word_1_235' title='bbox 1009 2917 1113 2976; x_wconf 84' lang='lat' dir='ltr'><strong>asteria</strong></span> <span class='ocrx_word' id='word_1_236' title='bbox 1128 2915 1239 2977; x_wconf 90' lang='lat' dir='ltr'><strong>oooasio</strong></span> <span class='ocrx_word' id='word_1_237' title='bbox 1253 2915 1420 2988; x_wconf 85' lang='lat' dir='ltr'><strong>lupanaris,</strong></span> <span class='ocrx_word' id='word_1_238' title='bbox 1435 2918 1466 2976; x_wconf 86' lang='lat' dir='ltr'><strong>et</strong></span> <span class='ocrx_word' id='word_1_239' title='bbox 1480 2915 1598 2976; x_wconf 82' lang='lat' dir='ltr'><strong>erimine</strong></span> 
     </span>
     <span class='ocr_line' id='line_1_26' title="bbox 429 3017 1598 3093; baseline -0.002 -13"><span class='ocrx_word' id='word_1_240' title='bbox 429 3040 455 3080; x_wconf 83' lang='lat' dir='ltr'><strong>ss</strong></span> <span class='ocrx_word' id='word_1_241' title='bbox 467 3017 555 3077; x_wconf 88' lang='lat' dir='ltr'><strong>alieni</strong></span> <span class='ocrx_word' id='word_1_242' title='bbox 570 3021 669 3078; x_wconf 86' lang='lat' dir='ltr'><strong>reatus</strong></span> <span class='ocrx_word' id='word_1_243' title='bbox 683 3018 914 3092; x_wconf 85' lang='lat' dir='ltr'><strong>absorbebimur,</strong></span> <span class='ocrx_word' id='word_1_244' title='bbox 931 3017 976 3078; x_wconf 89' lang='lat' dir='ltr'><strong>eui</strong></span> <span class='ocrx_word' id='word_1_245' title='bbox 991 3019 1116 3093; x_wconf 85' lang='lat' dir='ltr'><strong>nosipsi</strong></span> <span class='ocrx_word' id='word_1_246' title='bbox 1131 3018 1321 3079; x_wconf 87' lang='lat' dir='ltr'><strong>subornamus</strong></span> <span class='ocrx_word' id='word_1_247' title='bbox 1341 3017 1540 3078; x_wconf 88' lang='lat' dir='ltr'><strong>immunditiae</strong></span> <span class='ocrx_word' id='word_1_248' title='bbox 1554 3017 1598 3078; x_wconf 90' lang='lat' dir='ltr'><strong>ls-</strong></span> 
     </span>
     <span class='ocr_line' id='line_1_27' title="bbox 463 3119 1599 3195; baseline -0.001 -16"><span class='ocrx_word' id='word_1_249' title='bbox 463 3120 616 3180; x_wconf 90' lang='lat' dir='ltr'><strong>nooiuium.</strong></span> <span class='ocrx_word' id='word_1_250' title='bbox 635 3123 754 3195; x_wconf 84' lang='lat' dir='ltr'><strong>propter</strong></span> <span class='ocrx_word' id='word_1_251' title='bbox 768 3120 843 3194; x_wconf 89' lang='lat' dir='ltr'><strong>quod</strong></span> <span class='ocrx_word' id='word_1_252' title='bbox 856 3119 1004 3194; x_wconf 82' lang='lat' dir='ltr'><strong>apostolus</strong></span> <span class='ocrx_word' id='word_1_253' title='bbox 1018 3120 1129 3180; x_wconf 87' lang='lat' dir='ltr'><strong>Paulus</strong></span> <span class='ocrx_word' id='word_1_254' title='bbox 1147 3122 1183 3180; x_wconf 92' lang='lat' dir='ltr'><strong>de</strong></span> <span class='ocrx_word' id='word_1_255' title='bbox 1197 3120 1342 3180; x_wconf 88' lang='lat' dir='ltr'><strong>similibus</strong></span> <span class='ocrx_word' id='word_1_256' title='bbox 1356 3119 1399 3178; x_wconf 86' lang='lat' dir='ltr'><strong>ita</strong></span> <span class='ocrx_word' id='word_1_257' title='bbox 1412 3135 1464 3179; x_wconf 91' lang='lat' dir='ltr'><strong>nos</strong></span> <span class='ocrx_word' id='word_1_258' title='bbox 1479 3119 1599 3179; x_wconf 89' lang='lat' dir='ltr'><strong>iustruit</strong></span> 
     </span>
     <span class='ocr_line' id='line_1_28' title="bbox 462 3219 1598 3297; baseline -0.001 -16"><span class='ocrx_word' id='word_1_259' title='bbox 462 3223 576 3281; x_wconf 85' lang='lat' dir='ltr'><strong>dianus:</strong></span> <span class='ocrx_word' id='word_1_260' title='bbox 593 3220 796 3297; x_wconf 81' lang='lat' dir='ltr'><strong>sipropter</strong></span> <span class='ocrx_word' id='word_1_261' title='bbox 818 3237 936 3281; x_wconf 86' lang='lat' dir='ltr'><strong>eseam</strong></span> <span class='ocrx_word' id='word_1_262' title='bbox 958 3220 1082 3281; x_wconf 83' lang='lat' dir='ltr'><strong>irater</strong></span> <span class='ocrx_word' id='word_1_263' title='bbox 1103 3225 1191 3281; x_wconf 90' lang='lat' dir='ltr'><strong>tuus</strong></span> <span class='ocrx_word' id='word_1_264' title='bbox 1206 3219 1503 3292; x_wconf 76' lang='lat' dir='ltr'><strong>scandalizatur,</strong></span> <span class='ocrx_word' id='word_1_265' title='bbox 1528 3221 1598 3280; x_wconf 90' lang='lat' dir='ltr'><strong>iam</strong></span> 
     </span>
     <span class='ocr_line' id='line_1_29' title="bbox 462 3322 1598 3399; baseline 0.003 -17"><span class='ocrx_word' id='word_1_266' title='bbox 462 3340 530 3383; x_wconf 92' lang='lat' dir='ltr'><strong>non</strong></span> <span class='ocrx_word' id='word_1_267' title='bbox 553 3322 589 3382; x_wconf 92' lang='lat' dir='ltr'><strong>iu</strong></span> <span class='ocrx_word' id='word_1_268' title='bbox 611 3324 770 3384; x_wconf 75' lang='lat' dir='ltr'><strong>caritate</strong></span> <span class='ocrx_word' id='word_1_269' title='bbox 791 3322 965 3382; x_wconf 87' lang='lat' dir='ltr'><strong>ambulas.</strong></span> <span class='ocrx_word' id='word_1_270' title='bbox 994 3323 1074 3383; x_wconf 91' lang='lat' dir='ltr'><strong>noli</strong></span> <span class='ocrx_word' id='word_1_271' title='bbox 1096 3339 1180 3383; x_wconf 89' lang='lat' dir='ltr'><strong>asoa</strong></span> <span class='ocrx_word' id='word_1_272' title='bbox 1208 3325 1274 3382; x_wconf 90' lang='lat' dir='ltr'><strong>tua</strong></span> <span class='ocrx_word' id='word_1_273' title='bbox 1295 3322 1402 3384; x_wconf 91' lang='lat' dir='ltr'><strong>illum</strong></span> <span class='ocrx_word' id='word_1_274' title='bbox 1424 3324 1598 3399; x_wconf 84' lang='lat' dir='ltr'><strong>perdere,</strong></span> 
     </span>
    </p>
   </div>
   <div class='ocr_carea' id='block_1_3' title="bbox 530 3587 1354 3654">
    <p class='ocr_par' dir='ltr' id='par_1_3' title="bbox 530 3587 1354 3654">
     <span class='ocr_line' id='line_1_30' title="bbox 530 3587 1354 3654; baseline 0.001 -12"><span class='ocrx_word' id='word_1_275' title='bbox 530 3588 615 3645; x_wconf 74' lang='lat' dir='ltr'><strong>tsir.</strong></span> <span class='ocrx_word' id='word_1_276' title='bbox 634 3590 660 3654; x_wconf 83' lang='lat'><strong>9,</strong></span> <span class='ocrx_word' id='word_1_277' title='bbox 677 3592 703 3644; x_wconf 83' lang='lat'><strong>4.</strong></span> <span class='ocrx_word' id='word_1_278' title='bbox 808 3589 841 3643; x_wconf 81' lang='lat'><strong>16</strong></span> <span class='ocrx_word' id='word_1_279' title='bbox 859 3589 911 3646; x_wconf 83' lang='lat' dir='ltr'><strong>sir.</strong></span> <span class='ocrx_word' id='word_1_280' title='bbox 929 3589 953 3654; x_wconf 80' lang='lat'><strong>9,</strong></span> <span class='ocrx_word' id='word_1_281' title='bbox 973 3589 998 3643; x_wconf 88' lang='grc'><strong>9.</strong></span> <span class='ocrx_word' id='word_1_282' title='bbox 1103 3587 1137 3643; x_wconf 68' lang='grc'><strong>21</strong></span> <span class='ocrx_word' id='word_1_283' title='bbox 1155 3589 1234 3642; x_wconf 85' lang='lat' dir='ltr'><strong>Rom.</strong></span> <span class='ocrx_word' id='word_1_284' title='bbox 1253 3588 1295 3654; x_wconf 83' lang='lat'><strong>14,</strong></span> <span class='ocrx_word' id='word_1_285' title='bbox 1314 3589 1354 3643; x_wconf 80' lang='lat'><strong>15.</strong></span> 
     </span>
    </p>
   </div>
   <div class='ocr_carea' id='block_1_4' title="bbox 463 3860 1601 4359">
    <p class='ocr_par' dir='ltr' id='par_1_4' title="bbox 463 3860 1601 4359">
     <span class='ocr_line' id='line_1_31' title="bbox 530 3860 1566 3926; baseline 0.002 -11"><span class='ocrx_word' id='word_1_286' title='bbox 530 3860 623 3916; x_wconf 78' lang='lat' dir='ltr'><strong>arim</strong></span> <span class='ocrx_word' id='word_1_287' title='bbox 644 3862 674 3926; x_wconf 81' lang='lat'><strong>0,</strong></span> <span class='ocrx_word' id='word_1_288' title='bbox 692 3860 778 3916; x_wconf 89' lang='lat' dir='ltr'><strong>risum</strong></span> <span class='ocrx_word' id='word_1_289' title='bbox 796 3861 940 3924; x_wconf 69' lang='lat' dir='ltr'><strong>Etmanes.</strong></span> <span class='ocrx_word' id='word_1_290' title='bbox 957 3877 1045 3917; x_wconf 85' lang='lat' dir='ltr'><strong>usuo</strong></span> <span class='ocrx_word' id='word_1_291' title='bbox 1138 3861 1313 3916; x_wconf 81' lang='lat' dir='ltr'><strong>lsaltatriae</strong></span> <span class='ocrx_word' id='word_1_292' title='bbox 1335 3860 1566 3926; x_wconf 63' lang='lat' dir='ltr'><strong>dansatrices</strong></span> 
     </span>
     <span class='ocr_line' id='line_1_32' title="bbox 463 3945 1568 4017; baseline 0.002 -17"><span class='ocrx_word' id='word_1_293' title='bbox 463 3948 495 4000; x_wconf 91' lang='lat'><strong>11</strong></span> <span class='ocrx_word' id='word_1_294' title='bbox 514 3946 665 4017; x_wconf 84' lang='lat' dir='ltr'><strong>oonspioere</strong></span> <span class='ocrx_word' id='word_1_295' title='bbox 686 3946 784 4015; x_wconf 77' lang='lat' dir='ltr'><strong>Capio</strong></span> <span class='ocrx_word' id='word_1_296' title='bbox 799 3947 833 4000; x_wconf 80' lang='lat' dir='ltr'><strong>a&#39;u</strong></span> <span class='ocrx_word' id='word_1_297' title='bbox 849 3963 907 4002; x_wconf 82' lang='lat' dir='ltr'><strong>raa.</strong></span> <span class='ocrx_word' id='word_1_298' title='bbox 995 3947 1029 4002; x_wconf 81' lang='lat'><strong>13</strong></span> <span class='ocrx_word' id='word_1_299' title='bbox 1046 3945 1199 4001; x_wconf 84' lang='lat' dir='ltr'><strong>aolidalitaa</strong></span> <span class='ocrx_word' id='word_1_300' title='bbox 1217 3945 1241 4002; x_wconf 84' lang='lat'><em>0</em></span> <span class='ocrx_word' id='word_1_301' title='bbox 1321 3947 1356 4000; x_wconf 82' lang='lat'><strong>14</strong></span> <span class='ocrx_word' id='word_1_302' title='bbox 1373 3946 1435 4015; x_wconf 87' lang='lat' dir='ltr'><strong>quo]</strong></span> <span class='ocrx_word' id='word_1_303' title='bbox 1452 3945 1523 4014; x_wconf 81' lang='lat' dir='ltr'><strong>quod</strong></span> <span class='ocrx_word' id='word_1_304' title='bbox 1544 3945 1568 4002; x_wconf 81' lang='grc'><strong><em>0</em></strong></span> 
     </span>
     <span class='ocr_line' id='line_1_33' title="bbox 463 4028 1600 4100; baseline 0.002 -14"><span class='ocrx_word' id='word_1_305' title='bbox 463 4036 506 4087; x_wconf 85' lang='lat' dir='ltr'><strong>est</strong></span> <span class='ocrx_word' id='word_1_306' title='bbox 527 4033 588 4088; x_wconf 82' lang='lat' dir='ltr'><strong>Ga.</strong></span> <span class='ocrx_word' id='word_1_307' title='bbox 606 4033 625 4090; x_wconf 89' lang='lat' dir='ltr'><strong>l.</strong></span> <span class='ocrx_word' id='word_1_308' title='bbox 643 4049 678 4087; x_wconf 80' lang='lat' dir='ltr'><strong>aa</strong></span> <span class='ocrx_word' id='word_1_309' title='bbox 697 4035 716 4087; x_wconf 84' lang='grc'>2</span> <span class='ocrx_word' id='word_1_310' title='bbox 825 4032 941 4087; x_wconf 78' lang='lat' dir='ltr'><strong>maistas</strong></span> <span class='ocrx_word' id='word_1_311' title='bbox 962 4031 992 4096; x_wconf 82' lang='lat' dir='ltr'><strong>G,</strong></span> <span class='ocrx_word' id='word_1_312' title='bbox 1011 4030 1178 4087; x_wconf 75' lang='lat' dir='ltr'><strong>sodalitate</strong></span> <span class='ocrx_word' id='word_1_313' title='bbox 1287 4030 1321 4084; x_wconf 88' lang='grc'><strong>16</strong></span> <span class='ocrx_word' id='word_1_314' title='bbox 1338 4046 1393 4086; x_wconf 90' lang='lat' dir='ltr'><strong>nou</strong></span> <span class='ocrx_word' id='word_1_315' title='bbox 1414 4028 1444 4094; x_wconf 82' lang='lat'><strong>0,</strong></span> <span class='ocrx_word' id='word_1_316' title='bbox 1462 4047 1496 4086; x_wconf 89' lang='lat' dir='ltr'><strong>ne</strong></span> <span class='ocrx_word' id='word_1_317' title='bbox 1512 4048 1545 4100; x_wconf 88' lang='lat' dir='ltr'><strong>o,·</strong></span> <span class='ocrx_word' id='word_1_318' title='bbox 1562 4029 1600 4098; x_wconf 79' lang='lat' dir='ltr'><strong>es.</strong></span> 
     </span>
     <span class='ocr_line' id='line_1_34' title="bbox 464 4115 1600 4186; baseline -0.002 -14"><span class='ocrx_word' id='word_1_319' title='bbox 464 4133 525 4186; x_wconf 76' lang='lat' dir='ltr'><strong>cop.</strong></span> <span class='ocrx_word' id='word_1_320' title='bbox 544 4123 577 4172; x_wconf 85' lang='lat'><strong>11</strong></span> <span class='ocrx_word' id='word_1_321' title='bbox 703 4117 737 4172; x_wconf 89' lang='grc'><strong>19</strong></span> <span class='ocrx_word' id='word_1_322' title='bbox 755 4131 925 4185; x_wconf 69' lang='lat' dir='ltr'><strong>parmomo</strong></span> <span class='ocrx_word' id='word_1_323' title='bbox 942 4117 973 4181; x_wconf 78' lang='lat'><strong>0,</strong></span> <span class='ocrx_word' id='word_1_324' title='bbox 990 4117 1121 4172; x_wconf 79' lang='lat' dir='ltr'><strong>duraret</strong></span> <span class='ocrx_word' id='word_1_325' title='bbox 1248 4116 1285 4170; x_wconf 89' lang='grc'><strong>20</strong></span> <span class='ocrx_word' id='word_1_326' title='bbox 1301 4131 1351 4170; x_wconf 90' lang='lat' dir='ltr'><strong>uos</strong></span> <span class='ocrx_word' id='word_1_327' title='bbox 1368 4131 1423 4171; x_wconf 89' lang='lat' dir='ltr'><strong>nou</strong></span> <span class='ocrx_word' id='word_1_328' title='bbox 1442 4115 1529 4172; x_wconf 74' lang='lat' dir='ltr'><strong>caso</strong></span> <span class='ocrx_word' id='word_1_329' title='bbox 1546 4131 1600 4171; x_wconf 91' lang='lat' dir='ltr'><strong>nou</strong></span> 
     </span>
     <span class='ocr_line' id='line_1_35' title="bbox 464 4199 1601 4273; baseline 0 -15"><span class='ocrx_word' id='word_1_330' title='bbox 464 4220 527 4273; x_wconf 74' lang='lat' dir='ltr'><strong>sap.</strong></span> <span class='ocrx_word' id='word_1_331' title='bbox 660 4203 718 4272; x_wconf 82' lang='lat' dir='ltr'><strong>ipse</strong></span> <span class='ocrx_word' id='word_1_332' title='bbox 739 4202 764 4259; x_wconf 84' lang='lat'><strong><em>0</em></strong></span> <span class='ocrx_word' id='word_1_333' title='bbox 892 4202 928 4257; x_wconf 92' lang='grc'><strong>22</strong></span> <span class='ocrx_word' id='word_1_334' title='bbox 945 4201 1040 4271; x_wconf 84' lang='lat' dir='ltr'><strong>rapida</strong></span> <span class='ocrx_word' id='word_1_335' title='bbox 1061 4202 1206 4272; x_wconf 22' lang='lat' dir='ltr'><strong>Ota-roo.</strong></span> <span class='ocrx_word' id='word_1_336' title='bbox 1223 4204 1298 4255; x_wconf 67' lang='lat' dir='ltr'><strong>m</strong></span> <span class='ocrx_word' id='word_1_337' title='bbox 1427 4201 1463 4256; x_wconf 81' lang='grc'><strong>23</strong></span> <span class='ocrx_word' id='word_1_338' title='bbox 1480 4199 1553 4271; x_wconf 83' lang='lat' dir='ltr'><strong>quod</strong></span> <span class='ocrx_word' id='word_1_339' title='bbox 1571 4201 1601 4266; x_wconf 80' lang='lat'><strong>0,</strong></span> 
     </span>
     <span class='ocr_line' id='line_1_36' title="bbox 465 4286 1566 4359; baseline 0.002 -16"><span class='ocrx_word' id='word_1_340' title='bbox 465 4293 514 4344; x_wconf 90' lang='lat' dir='ltr'><strong>aot</strong></span> <span class='ocrx_word' id='word_1_341' title='bbox 530 4289 603 4359; x_wconf 87' lang='lat' dir='ltr'><strong>quod</strong></span> <span class='ocrx_word' id='word_1_342' title='bbox 620 4306 638 4346; x_wconf 86' lang='lat' dir='ltr'><strong>o</strong></span> <span class='ocrx_word' id='word_1_343' title='bbox 798 4289 834 4344; x_wconf 78' lang='grc'><strong>24</strong></span> <span class='ocrx_word' id='word_1_344' title='bbox 850 4290 879 4344; x_wconf 85' lang='lat' dir='ltr'><strong>ot</strong></span> <span class='ocrx_word' id='word_1_345' title='bbox 896 4305 931 4344; x_wconf 76' lang='lat' dir='ltr'><strong>aa</strong></span> <span class='ocrx_word' id='word_1_346' title='bbox 948 4303 996 4343; x_wconf 88' lang='lat' dir='ltr'><strong>neo</strong></span> <span class='ocrx_word' id='word_1_347' title='bbox 1013 4288 1037 4345; x_wconf 82' lang='grc'><em>0</em></span> <span class='ocrx_word' id='word_1_348' title='bbox 1052 4306 1088 4344; x_wconf 81' lang='lat' dir='ltr'><strong>aa</strong></span> <span class='ocrx_word' id='word_1_349' title='bbox 1108 4291 1128 4344; x_wconf 81' lang='lat'><strong><em>2</em></strong></span> <span class='ocrx_word' id='word_1_350' title='bbox 1288 4287 1324 4342; x_wconf 74' lang='lat' dir='ltr'><strong>at</strong></span> <span class='ocrx_word' id='word_1_351' title='bbox 1341 4286 1511 4344; x_wconf 86' lang='lat' dir='ltr'><strong>absorbimus</strong></span> <span class='ocrx_word' id='word_1_352' title='bbox 1533 4287 1566 4345; x_wconf 83' lang='lat'><strong>0¹</strong></span> 
     </span>
    </p>
   </div>
   <div class='ocr_carea' id='block_1_5' title="bbox 0 0 2020 5054">
    <p class='ocr_par' dir='ltr' id='par_1_5' title="bbox 0 0 2020 5054">
     <span class='ocr_line' id='line_1_37' title="bbox 0 0 2020 5054; baseline 0 0"><span class='ocrx_word' id='word_1_353' title='bbox 0 0 2020 5054; x_wconf 95' lang='lat' dir='ltr'><strong> </strong></span> 
     </span>
    </p>
   </div>
  </div>
 </body>
</html>
