4016 5054
497 457 558 524 178
967 451 1148 522 Appendir.

494 611 645 673 infirmitas
656 611 788 684 delicata
804 627 877 686 quae
887 627 952 671 oum
962 609 1074 670 sitnssis
1089 613 1118 670 et
1132 610 1244 680 misera,
1261 609 1296 669 tle
1308 607 1419 684 magnis
1434 608 1524 669 allicit
1538 625 1624 683 prae·

495 718 581 775 dam?
600 715 676 789 quod
690 715 821 776 Salomon
836 713 964 788 loquitur
978 712 1093 773 dicens:
1114 711 1271 787 pretium
1285 711 1497 772 meretricis
1511 728 1626 787 quan-

493 821 568 878 tum
596 820 652 878 est
678 817 789 892 panis
811 818 935 889 unius,
964 816 1098 876 mulier
1125 819 1245 877 autem
1273 815 1460 889 pretiosas
1482 815 1624 876 animas

496 919 606 994 capit.

466 1028 484 1087 5
537 1022 613 1082 Ante
628 1037 680 1082 ucs
694 1021 753 1080 ista
766 1023 942 1093 tractantur,
964 1023 994 1079 et
1009 1019 1099 1078 nullis
1113 1020 1269 1080 tenoribus
1284 1035 1464 1080 coercemur:
1487 1021 1556 1093 quid
1578 1020 1647 1079 ia·s

495 1140 639 1196 cenamus,
654 1123 680 1184 si
695 1123 876 1197 opinionibus
890 1120 1087 1183 tantummodo
1101 1123 1200 1196 gestas
1214 1121 1352 1182 historias
1366 1121 1551 1182 audiremus?
1574 1124 1626 1183 sed

496 1225 625 1285 bracost
640 1241 751 1299 sempor
763 1224 950 1284 incredulitas
961 1223 1100 1282 humanus
1114 1223 1253 1294 duritas,
1268 1225 1370 1282 utnon
1381 1223 1474 1282 selum
1485 1223 1626 1284 audiendo

495 1326 545 1386 sed
560 1325 647 1387 etism
662 1325 783 1387 nidendc
798 1341 855 1384 nen
869 1325 967 1385 credat
980 1323 1087 1384 alteros
1101 1324 1243 1396 misrisea,
1258 1323 1315 1383 nisi
1329 1326 1360 1383 et
1373 1341 1405 1384 ss
1420 1323 1513 1398 ipsam
1529 1324 1629 1386 uideat

495 1427 629 1487 interire:
653 1443 706 1486 nec
727 1425 866 1488 sociorum
887 1426 1028 1485 mortibus
1048 1426 1193 1498 qualitur,
1219 1427 1287 1485 dum
1301 1423 1369 1486 illos
1390 1427 1562 1500 promeritos
1577 1429 1629 1486 aut

497 1527 640 1588 inualidos
655 1528 799 1602 opinatur.
815 1545 846 1587 se
861 1529 959 1587 autem
973 1525 1096 1586 multum
1109 1527 1212 1588 mereri
1233 1529 1283 1586 eut
1304 1527 1425 1587 multum
1439 1529 1536 1589 uslere
1551 1529 1626 1588 ilrin-
1637 1543 1662 1582 rc

496 1629 609 1688 cialiter
621 1631 721 1702 putat,
745 1629 874 1689 nesciens
895 1629 1026 1702 praeberi
1047 1629 1158 1688 cunctis
1180 1630 1322 1703 exempla,
1349 1645 1414 1690 cum
1434 1630 1544 1690 ineunt
1559 1631 1624 1704 qui-

496 1731 617 1790 busdam
638 1729 771 1804 inrogata
785 1729 941 1803 supplicia,
964 1730 1039 1789 sicut
1060 1728 1198 1789 Dominus
1219 1729 1250 1788 in
1270 1730 1420 1804 euangelio
1441 1731 1575 1805 proponit
1596 1737 1626 1792 st

496 1830 581 1891 dicit:
610 1829 874 1908 pucsciszqnou
896 1831 933 1889 hi
956 1830 1120 1890 Galilaei
1142 1847 1229 1904 prae
1251 1831 1419 1891 omnibus
1441 1831 1628 1894 Galilaeis

497 1931 649 1991 luerunt
670 1936 890 2007 peccatores
912 1933 977 2006 qni
999 1932 1095 1992 talia
1116 1931 1218 2004 passi
1240 1935 1348 1992 sunt?
1370 1949 1449 1992 non.
1472 1935 1554 1994 dico
1569 1951 1627 1994 uo-

498 2032 571 2093 bis:
601 2033 676 2094 nisi
704 2035 976 2109 paenitentiam
998 2034 1227 2106 habueritis,
1256 2034 1440 2095 similitor
1467 2037 1665 2111 perietisns

497 2135 596 2195 sicut
618 2136 680 2196 illi
704 2153 815 2210 snpra
837 2154 926 2212 qnos
948 2136 1089 2196 cecidit
1116 2136 1235 2196 turris
1257 2137 1293 2196 in
1323 2137 1440 2210 Siloa,
1470 2141 1506 2197 ot
1534 2139 1627 2198 ccci-

498 2236 555 2295 ‹lit
575 2254 645 2298 eos.
667 2237 816 2312 putatis
838 2237 1353 2311 quonisnetipsicsbiooros
1368 2239 1522 2298 luerunt
1542 2256 1630 2313 prae

498 2340 666 2399 omnibus
688 2340 901 2400 bominibus
923 2338 1190 2399 babitantibus
1213 2340 1249 2398 in
1271 2340 1527 2402 Hierusalem?
1550 2359 1630 2402 neu.

498 2441 578 2501 <lico
601 2441 724 2500 uobis:
748 2442 780 2500 si
801 2458 872 2501 non
893 2440 1185 2514 paenitueritis,
1208 2441 1393 2502 similitor
1414 2443 1585 2515 perietis.

471 2538 489 2595 6
541 2542 679 2602 Miramur
700 2542 727 2602 ai
746 2543 839 2602 Adam
853 2559 905 2616 per
919 2541 1009 2601 Euam
1025 2543 1157 2602 seductus
1173 2543 1232 2614 ast,
1257 2557 1340 2616 quom
1352 2541 1433 2602 nulla
1447 2545 1628 2603 morientium
1638 2563 1665 2606 ec

498 2641 627 2716 exempla
637 2645 859 2717 praecesserant,
872 2641 928 2701 nisi
940 2642 1029 2702 iussio
1040 2659 1098 2702 uua
1112 2643 1328 2716 constrinxerat,
1340 2662 1404 2704 cum
1416 2645 1498 2704 modo
1513 2662 1566 2704 uos
1577 2661 1629 2704 nec

498 2744 718 2804 innumerabiles
729 2747 835 2806 mortes
843 2761 896 2804 nec
906 2743 1019 2804 infinita
1030 2745 1109 2804 iussa
1120 2749 1302 2819 conpescunt.
1315 2745 1418 2819 quibus
1428 2747 1630 2807 conuenienter

498 2845 603 2904 dicitur
614 2847 768 2906 seeundum
785 2846 1007 2921 increpationem
1019 2845 1146 2905 Domini:
1159 2847 1184 2904 si
1198 2845 1290 2906 lidum
1302 2847 1423 2906 uidisset
1432 2849 1540 2906 mortes
1556 2863 1629 2919 quae

500 2947 592 3005 lectas
606 2949 674 3006 sunt
688 2949 817 3019 innubis,
836 2947 904 3008 clim
919 2949 949 3007 in
964 2947 1057 3008 cilicie
1072 2949 1102 3008 et
1111 2947 1205 3009 cinare
1215 2949 1420 3023 paenitentiam
1431 2949 1549 3022 egisset.
1566 2949 1629 3008 dico

499 3049 594 3107 nutem
611 3049 708 3121 uobis,
732 3047 864 3122 qnoniam
879 3049 958 3110 Aduo
971 3050 1149 3110 tolerabilius
1160 3050 1215 3109 erit
1226 3049 1257 3108 in
1268 3050 1314 3109 die
1326 3049 1425 3110 iudicii
1436 3067 1521 3124 quam
1536 3050 1628 3110 uobis.
1639 3067 1664 3109 ss

498 3150 582 3222 longe
593 3149 666 3209 satis
680 3149 765 3225 longo
780 3151 820 3210 sit
829 3151 920 3224 pestis
933 3152 991 3211 ista
1002 3155 1032 3211 at
1042 3152 1104 3212 lues
1115 3155 1144 3213 ct
1155 3151 1333 3212 clandestina
1346 3153 1498 3226 pernicies.
1514 3169 1531 3212 o
1545 3169 1630 3226 quam

500 3250 666 3310 inordinalis
680 3251 802 3312 feminae
818 3252 1026 3328 propinquitas.
1040 3253 1181 3314 iaculstur
1195 3253 1276 3314 euius
1291 3252 1386 3313 uicina
1401 3256 1446 3312 ost
1461 3253 1630 3315 delictorum

500 3352 688 3412 latrocinium.
707 3370 763 3414 non
778 3356 824 3412 est
839 3354 870 3412 in
884 3357 939 3414 hac
953 3355 1088 3416 societate
1104 3356 1254 3414 sinceritas
1269 3355 1465 3430 adprobabilis
1477 3373 1549 3428 quae
1562 3373 1630 3417 con-

500 3451 617 3514 lisiones
632 3455 719 3514 babet
734 3455 814 3516 uelut
830 3455 1001 3530 quibusdam
1015 3457 1149 3517 fluctibus
1163 3457 1345 3517 turbulentis.
1373 3456 1403 3516 in
1424 3458 1478 3518 hac
1502 3457 1628 3517 familia-

567 3673 679 3727 2Prou.
700 3673 726 3739 6,
744 3674 786 3729 26.
892 3675 925 3728 13
942 3675 1005 3730 Luc
1025 3676 1067 3742 13,
1085 3675 1160 3730 2-5.

567 3885 734 3954 tqnautnm
758 3887 788 3951 0,
806 3888 949 3942 tanturm
1076 3888 1093 3942 3
1111 3887 1190 3942 unius
1207 3888 1319 3958 panisc
1450 3886 1579 3942 trident
1601 3887 1631 3952 0,

501 3969 600 4024 uiderit
617 3988 634 4025 c
759 3973 794 4026 14
811 3972 946 4028 luerinto
1076 3972 1108 4027 18
1125 3989 1177 4028 non
1196 3989 1245 4028 om.
1269 3973 1292 4029 0
1413 3973 1448 4026 21
1465 3975 1493 4026 et
1510 3973 1598 4028 nisio

502 4069 548 4107 uec
565 4057 594 4107 ot
615 4055 638 4110 0
740 4057 775 4110 aa
793 4058 995 4126 compescente
1092 4057 1127 4111 24
1145 4061 1208 4111 sunt
1225 4074 1310 4114 ormo
1413 4059 1448 4114 26
1465 4058 1533 4112 satis
1551 4058 1631 4128 longe

500 4156 586 4194 oeno
689 4141 744 4196 ista
766 4143 795 4207 0,
812 4143 898 4199 illac
1006 4143 1170 4197 claudistina
1192 4143 1215 4200 0
1322 4143 1356 4198 27
1375 4143 1597 4201 inordinabilisc

500 4225 684 4294 propinquitas
703 4227 838 4283 iaculatur
854 4229 930 4283 cuins
948 4227 1048 4283 uicinia
1066 4229 1200 4284 Erasmus
1303 4228 1338 4284 28
1356 4228 1539 4300 latrocinium]
1559 4230 1632 4284 lenc·

500 4309 599 4365 ciuium
617 4313 686 4367 coni.
709 4314 832 4368 Grauius
935 4312 970 4366 29
987 4313 1156 4368 turbulentas
1180 4315 1232 4371 Οὐ
