4016 5054
681 437 727 494 De
744 440 922 522 duodecim
940 439 1096 494 abusiuis
1113 440 1245 495 saeculi
1267 456 1290 493 c.
1309 441 1421 496 10-12.
1565 445 1627 510 171

492 601 582 660 bene
603 598 734 660 iecere.
757 601 788 659 et
807 599 846 659 ad
868 599 987 661 eandem
1007 599 1161 676 psalmista
1182 615 1307 660 consona
1320 616 1390 660 uoce
1404 600 1569 675 compsallit
1583 601 1629 660 di-

492 719 578 764 cens:
612 700 762 764 declina
782 720 802 763 a
822 701 916 764 malo
944 705 980 764 et
1007 703 1066 764 iac
1097 704 1236 763 bouum.
1273 702 1377 762 infelix
1406 719 1475 778 ergo
1504 705 1550 762 est
1578 702 1629 779 qui

492 805 583 866 abicit
606 805 800 880 disciplinam.
824 806 913 865 audet
938 799 1014 866 euim
1039 808 1121 865 extra
1142 805 1251 866 milites
1265 805 1386 880 aliquid,
1408 806 1459 880 qui
1474 805 1627 866 Dominum

491 907 690 983 crucifigentes
712 926 770 969 nou
790 908 994 970 consciderunt
1013 907 1152 982 tunicam,
1178 908 1229 982 qui
1243 905 1383 968 ecelesiae
1398 906 1508 968 Christi
1521 907 1629 968 scindit

468 1010 682 1086 sdiscipliuam.
704 1011 781 1072 sicut
807 1011 883 1072 enim
908 1011 1008 1072 tunica
1029 1013 1122 1072 totum
1145 1027 1248 1086 corpus
1270 1013 1386 1084 praeter
1405 1015 1494 1084 caput
1506 1010 1627 1086 tegitur,

489 1111 532 1172 ita
558 1111 711 1186 disciplina
735 1113 869 1174 omuibus
895 1114 926 1173 iu
951 1112 1074 1174 ecclesia
1097 1117 1144 1173 est
1165 1115 1280 1186 praetor
1303 1111 1462 1172 christum.
1484 1113 1535 1187 qui
1558 1129 1628 1188 ergo

489 1214 626 1275 ecclesias
651 1215 705 1275 sub
731 1216 888 1290 disciplina
911 1219 957 1276 est
976 1214 1139 1291 protegitur
1160 1218 1191 1274 et
1213 1217 1342 1275 ornatur.
1364 1215 1431 1289 ipss
1444 1230 1513 1273 uero
1528 1214 1628 1274 tunica

488 1319 623 1377 contexta
646 1319 771 1392 desuper
796 1319 894 1378 fuerat
914 1335 967 1392 per
986 1321 1088 1390 totum,
1114 1318 1183 1393 qnia
1205 1319 1305 1378 emam
1320 1317 1460 1378 ecclesiae
1474 1315 1629 1391 disciplina

488 1417 640 1479 aDomino
661 1418 697 1479 de
721 1419 801 1480 caelo
822 1419 965 1480 tribuitur
978 1421 1010 1479 st
1031 1418 1201 1494 integratur.
1226 1418 1261 1477 de
1283 1435 1342 1493 qua
1354 1415 1494 1478 Dominus
1509 1435 1574 1478 oum
1589 1418 1627 1477 ad

453 1538 480 1578 ro
488 1521 599 1594 patrem
613 1521 801 1595 ascendisset,
816 1524 970 1597 postquam
984 1520 1141 1582 resurrexit
1154 1538 1173 1580 a
1185 1522 1317 1592 mortuis,
1339 1523 1378 1582 sd
1397 1520 1543 1596 apostolos
1558 1537 1627 1582 suos

486 1622 674 1696 loquebatur:
708 1640 773 1684 uos
807 1627 927 1684 autem
960 1624 1086 1684 sedete
1107 1624 1144 1683 iu
1174 1623 1353 1696 ciuitate,
1387 1624 1627 1698 quoadusquo

487 1722 694 1784 induamini
715 1726 862 1786 uirtute
883 1725 928 1785 ab
949 1726 1108 1786 excelso.
1143 1727 1242 1786 tnuioa
1266 1741 1336 1800 crgo
1362 1725 1489 1800 corporis
1516 1725 1627 1786 Christi
1658 1759 1662 1769 ·

488 1824 640 1900 disciplina
660 1827 799 1888 ccclesiae
821 1829 883 1886 est:
905 1828 956 1902 qui
977 1829 1074 1887 autem
1095 1829 1178 1886 extra
1192 1826 1377 1901 disciplinam
1390 1829 1437 1886 est
1451 1827 1565 1887 suenus
1579 1829 1625 1886 est

486 1945 640 2002 scorpore
666 1928 785 1988 Christi.
808 1946 879 1989 nou
900 1930 1111 1990 scindamus
1133 1929 1253 2002 igitur
1274 1928 1398 2001 illam,
1426 1927 1489 1988 sed
1511 1929 1625 1988 sorti·

453 2046 586 2092 ruamur
608 2030 649 2089 de
670 2029 751 2101 illa,
772 2047 832 2090 nou
857 2029 1004 2090 soluamus
1025 2031 1177 2105 quicquam
1192 2031 1228 2090 do
1251 2030 1396 2090 mendatis
1420 2029 1542 2103 Christi,
1568 2031 1621 2091 sod

486 2131 681 2206 uuusquisque
695 2130 727 2190 in
741 2149 799 2206 quo
813 2135 934 2192 uocatus
948 2135 994 2192 est
1007 2131 1039 2191 iu
1052 2149 1085 2192 eo
1099 2135 1268 2206 permaneat
1280 2132 1357 2207 apud
1371 2131 1473 2192 Deum.

848 2301 1020 2362 Popvuvs
1041 2301 1129 2360 SINE
1150 2300 1261 2360 LEGE.

530 2436 722 2498 Duodecimus
743 2438 893 2500 abusionis
913 2440 1022 2514 gradus
1042 2441 1088 2499 est
1101 2439 1225 2512 populus
1240 2438 1303 2498 siue
1318 2438 1399 2514 lege,
1422 2436 1472 2513 qui
1487 2437 1556 2498 dum
1569 2439 1623 2498 Dei
1634 2443 1675 2502 12

487 2538 566 2598 dicta
590 2540 620 2598 et
645 2539 744 2614 legum
770 2541 845 2600 scita
869 2541 1026 2601 contemnit
1051 2556 1104 2615 per
1123 2541 1253 2600 diuersas
1275 2557 1405 2600 errorum
1425 2540 1488 2599 uias
1502 2541 1623 2600 eundem

451 2637 658 2714 soperditiouis
682 2641 818 2715 laqueum
843 2641 974 2703 incurrit
997 2643 1032 2702 dc
1053 2641 1159 2717 quibus
1179 2641 1236 2701 uiis
1258 2641 1313 2701 sub
1335 2657 1459 2715 persons
1472 2642 1623 2716 praeuari-

486 2741 593 2801 catoris
616 2743 716 2815 populi
738 2743 896 2804 humanum
911 2761 1003 2820 genus
1017 2745 1158 2819 propheta
1171 2745 1214 2804 its
1227 2743 1395 2818 deplangit:
1417 2761 1481 2804 nos
1503 2748 1622 2804 eutem

552 2937 755 3008 amma
964 2939 1199 3006 mmmm
1407 2939 1621 3004 mmmm

482 3022 686 3090 nmmo

552 3213 568 3265 1
586 3211 732 3266 adsedem
754 3214 786 3277 G,
805 3212 839 3267 de
855 3213 948 3268 eadem
970 3212 1090 3281 V,idem
1108 3213 1141 3266 X
1248 3212 1408 3282 psalmistae
1425 3212 1456 3267 X
1558 3229 1621 3268 cou-
1666 3202 1673 3221 “

482 3295 580 3366 spallit
599 3299 645 3363 θ’,
663 3298 763 3368 psallit
780 3299 813 3354 X
923 3299 1060 3354 dehiscit
1080 3299 1148 3355 G¹V
1259 3299 1361 3354 audent
1377 3299 1429 3364 X',
1446 3298 1540 3354 audiet
1560 3300 1588 3355 V

482 3380 560 3436 deum
578 3381 610 3436 X
708 3383 728 3437 4
746 3382 804 3439 eius
822 3384 992 3441 scideruute
1094 3385 1190 3439 christi
1209 3399 1260 3440 croc
1278 3385 1311 3438 X
1411 3384 1540 3439 scindunt
1555 3385 1588 3438 X

481 3466 499 3519 5
516 3466 629 3536 tegitur]
648 3467 715 3522 cdd.
733 3468 776 3523 X:
794 3471 885 3523 totam
901 3470 1002 3534 tonica,
1021 3485 1084 3539 esp.
1101 3487 1136 3524 os
1153 3471 1175 3524 2
1308 3471 1325 3524 6
1343 3469 1470 3524 omnibns
1487 3471 1516 3523 iu
1534 3485 1558 3523 e.
1576 3473 1620 3524 est

485 3549 517 3614 V,
534 3551 622 3605 omnis
639 3551 753 3607 ecclesia
774 3553 846 3609 GXo
967 3555 1108 3624 qui...est
1124 3571 1176 3609 oss.
1195 3555 1228 3610 X
1341 3555 1407 3624 quia
1424 3570 1489 3624 ergo
1507 3555 1620 3610 eeclesia

481 3635 531 3690 sub
553 3636 585 3702 V,
608 3636 657 3705 qui
678 3637 793 3693 ecclesia
810 3641 840 3693 et
857 3639 909 3694 sub
929 3641 953 3694 G
970 3639 1020 3695 scd
1036 3655 1098 3709 cap.
1115 3657 1152 3695 m.
1169 3645 1196 3704 2,
1220 3642 1267 3710 qui
1290 3644 1372 3711 caput
1389 3643 1431 3695 est
1447 3639 1575 3696 acclamas
1591 3644 1620 3696 st

480 3721 566 3776 subo
679 3723 769 3777 ‘Iuon
786 3726 864 3780 esto
976 3725 1147 3795 prastegitur
1167 3725 1228 3790 GV,
1246 3726 1352 3796 tegitur
1369 3727 1403 3780 X
1519 3725 1618 3782 seon-

479 3808 557 3860 tcrte
572 3806 666 3862 tunica
686 3805 715 3862 V
815 3808 904 3864 eidem
924 3808 952 3864 V
1052 3809 1198 3880 disciplina
1215 3811 1371 3866 ecclesiaeo
1475 3809 1510 3865 10
1527 3825 1620 3866 moeu-

480 3890 556 3947 dcrst
571 3892 604 3947 X
714 3894 906 3950 resurrexisset
924 3895 951 3950 (3
1059 3912 1191 3952 moseos
1211 3897 1243 3952 X
1345 3898 1378 3952 11
1396 3895 1559 3967 loquebstur
1575 3897 1619 3952 di·

481 3989 578 4032 oense
692 3977 783 4033 sedete
800 3979 882 4036 bico
1003 3995 1155 4050 quosusqus
1177 3980 1204 4036 V
1219 3982 1243 4051 (s
1262 3984 1343 4051 cros)
1460 3983 1495 4036 12
1512 3983 1617 4036 uirtute

479 4075 530 4116 occ
548 4059 592 4114 X¹
694 4062 729 4117 ab
747 4063 849 4120 excelso
870 4067 903 4130 G,
921 4081 952 4120 er
969 4067 1026 4120 alto
1043 4066 1120 4123 XVo
1214 4067 1249 4121 1³
1265 4070 1308 4122 est
1325 4067 1390 4123 disc.
1408 4068 1535 4122 ecolesma
1553 4067 1586 4122 X

480 4145 844 4216 liacorporeclucstV
945 4151 1202 4208 sedecim
1306 4151 1620 4222 lbdcille]cuiuasit

479 4230 569 4286 idest
584 4231 687 4290 addo
789 4234 897 4306 christi]
915 4236 1019 4291 domiui
1037 4239 1085 4294 Xe
1193 4239 1228 4294 16
1245 4237 1420 4295 dominumo
1522 4237 1556 4294 18
1572 4237 1617 4292 del

482 4317 671 4376 ΜΝΞ
773 4321 1126 4392 ἓθωδροηοηαοπι.Χ
